timestamp,data_type,option_code,option_time,option_price,option_volume,option_theoretical,option_iv,option_delta,option_gamma,option_theta,option_vega,option_rho,option_open_interest,option_ask_1,option_ask_qty_1,option_ask_2,option_ask_qty_2,option_ask_3,option_ask_qty_3,option_ask_4,option_ask_qty_4,option_ask_5,option_ask_qty_5,option_bid_1,option_bid_qty_1,option_bid_2,option_bid_qty_2,option_bid_3,option_bid_qty_3,option_bid_4,option_bid_qty_4,option_bid_5,option_bid_qty_5,option_ask_total,option_bid_total,stock_code,stock_time,stock_price
2026-03-13 12:02,snapshot,B1164089,,,,,,,,,,,,,,,,,,,,,,,,,,,,,,,,,,5930,120234,184300
2026-03-13 12:02,snapshot,B1164089,,,,,,,,,,,,,,,,,,,,,,,,,,,,,,,,,,5930,120235,184300
2026-03-13 12:02,snapshot,B1164089,,,,,,,,,,,,,,,,,,,,,,,,,,,,,,,,,,5930,120235,184300
2026-03-13 12:02,snapshot,B1164089,,,,,,,,,,,,,,,,,,,,,,,,,,,,,,,,,,5930,120237,184300
2026-03-13 12:02,snapshot,B1164089,,,,,,,,,,,,,,,,,,,,,,,,,,,,,,,,,,5930,120238,184300
2026-03-13 12:02,snapshot,B1164089,,,,,,,,,,,,,,,,,,,,,,,,,,,,,,,,,,5930,120239,184300
2026-03-13 12:02,snapshot,B1164089,,,,,,,,,,,,,,,,,,,,,,,,,,,,,,,,,,5930,120240,184300
2026-03-13 12:02,snapshot,B1164089,,,,,,,,,,,,14000,16,14200,48,15600,4,0,0,0,0,13600,74,13000,2,11000,1,8000,10,300,1,68,228,5930,120241,184300
2026-03-13 12:02,snapshot,B1164089,,,,,,,,,,,,14000,16,14200,48,15600,4,0,0,0,0,13600,74,13000,2,11000,1,8000,10,300,1,68,228,5930,120242,184300
2026-03-13 12:02,snapshot,B1164089,,,,,,,,,,,,14000,16,14200,48,15600,4,0,0,0,0,13600,74,13000,2,11000,1,8000,10,300,1,68,228,5930,120243,184300
2026-03-13 12:02,snapshot,B1164089,,,,,,,,,,,,14000,16,14200,48,15600,4,0,0,0,0,13600,74,13000,2,11000,1,8000,10,300,1,68,228,5930,120244,184300
2026-03-13 12:02,snapshot,B1164089,,,,,,,,,,,,14000,16,14200,48,15600,4,0,0,0,0,13600,74,13000,2,11000,1,8000,10,300,1,68,228,5930,120245,184300
2026-03-13 12:02,snapshot,B1164089,,,,,,,,,,,,14000,16,14200,48,15600,4,0,0,0,0,13600,74,13000,2,11000,1,8000,10,300,1,68,228,5930,120246,184300
2026-03-13 12:02,snapshot,B1164089,,,,,,,,,,,,14000,16,14200,48,15600,4,0,0,0,0,13600,74,13000,2,11000,1,8000,10,300,1,68,228,5930,120247,184300
2026-03-13 12:02,snapshot,B1164089,,,,,,,,,,,,14000,16,14200,48,15600,4,0,0,0,0,13600,74,13000,2,11000,1,8000,10,300,1,68,228,5930,120248,184200
2026-03-13 12:02,snapshot,B1164089,,,,,,,,,,,,14000,16,14200,48,15600,4,0,0,0,0,13600,74,13000,2,11000,1,8000,10,300,1,68,228,5930,120249,184300
2026-03-13 12:02,snapshot,B1164089,,,,,,,,,,,,14000,16,14200,48,15600,4,0,0,0,0,13600,74,13000,2,11000,1,8000,10,300,1,68,228,5930,120250,184300
2026-03-13 12:02,snapshot,B1164089,,,,,,,,,,,,14000,16,14200,48,15600,4,0,0,0,0,13600,74,13000,2,11000,1,8000,10,300,1,68,228,5930,120251,184200
2026-03-13 12:02,snapshot,B1164089,,,,,,,,,,,,14000,16,14200,48,15600,4,0,0,0,0,13600,74,13000,2,11000,1,8000,10,300,1,68,228,5930,120252,184200
2026-03-13 12:02,snapshot,B1164089,,,,,,,,,,,,14000,16,14200,48,15600,4,0,0,0,0,13600,74,13000,2,11000,1,8000,10,300,1,68,228,5930,120253,184300
2026-03-13 12:02,snapshot,B1164089,,,,,,,,,,,,14000,16,14200,48,15600,4,0,0,0,0,13600,74,13000,2,11000,1,8000,10,300,1,68,228,5930,120254,184300
2026-03-13 12:02,snapshot,B1164089,,,,,,,,,,,,14000,16,14200,48,15600,4,0,0,0,0,13600,74,13000,2,11000,1,8000,10,300,1,68,228,5930,120255,184300
2026-03-13 12:02,snapshot,B1164089,,,,,,,,,,,,14000,16,14200,48,15600,4,0,0,0,0,13600,74,13000,2,11000,1,8000,10,300,1,68,228,5930,120256,184200
2026-03-13 12:02,snapshot,B1164089,,,,,,,,,,,,14000,16,14200,48,15600,4,0,0,0,0,13600,74,13000,2,11000,1,8000,10,300,1,68,228,5930,120257,184300
2026-03-13 12:02,snapshot,B1164089,,,,,,,,,,,,14000,16,14200,48,15600,4,0,0,0,0,13600,74,13000,2,11000,1,8000,10,300,1,68,228,5930,120258,184300
2026-03-13 12:02,snapshot,B1164089,,,,,,,,,,,,14000,16,14200,48,15600,4,0,0,0,0,13600,74,13000,2,11000,1,8000,10,300,1,68,228,5930,120259,184300
2026-03-13 12:03,snapshot,B1164089,,,,,,,,,,,,14000,16,14200,48,15600,4,0,0,0,0,13600,74,13000,2,11000,1,8000,10,300,1,68,228,5930,120300,184300
2026-03-13 12:03,snapshot,B1164089,,,,,,,,,,,,14000,16,14200,48,15600,4,0,0,0,0,13600,74,13000,2,11000,1,8000,10,300,1,68,228,5930,120301,184300
2026-03-13 12:03,snapshot,B1164089,,,,,,,,,,,,14000,16,14200,48,15600,4,0,0,0,0,13600,74,13000,2,11000,1,8000,10,300,1,68,228,5930,120302,184200
2026-03-13 12:03,snapshot,B1164089,,,,,,,,,,,,14000,16,14200,48,15600,4,0,0,0,0,13600,74,13000,2,11000,1,8000,10,300,1,68,228,5930,120303,184200
2026-03-13 12:03,snapshot,B1164089,,,,,,,,,,,,14000,16,14200,48,15600,4,0,0,0,0,13600,74,13000,2,11000,1,8000,10,300,1,68,228,5930,120304,184200
2026-03-13 12:03,snapshot,B1164089,,,,,,,,,,,,14000,16,14200,48,15600,4,0,0,0,0,13600,74,13000,2,11000,1,8000,10,300,1,68,228,5930,120305,184300
2026-03-13 12:03,snapshot,B1164089,,,,,,,,,,,,14000,16,14200,48,15600,4,0,0,0,0,13600,74,13000,2,11000,1,8000,10,300,1,68,228,5930,120306,184300
2026-03-13 12:03,snapshot,B1164089,,,,,,,,,,,,14000,16,14200,48,15600,4,0,0,0,0,13600,74,13000,2,11000,1,8000,10,300,1,68,228,5930,120307,184300
2026-03-13 12:03,snapshot,B1164089,,,,,,,,,,,,14000,16,14200,48,15600,4,0,0,0,0,13600,74,13000,2,11000,1,8000,10,300,1,68,228,5930,120308,184250
2026-03-13 12:03,snapshot,B1164089,,,,,,,,,,,,14000,16,14200,48,15600,4,0,0,0,0,13600,74,13000,2,11000,1,8000,10,300,1,68,228,5930,120309,184200
2026-03-13 12:03,snapshot,B1164089,,,,,,,,,,,,14000,16,14200,48,15600,4,0,0,0,0,13600,74,13000,2,11000,1,8000,10,300,1,68,228,5930,120310,184250
2026-03-13 12:03,snapshot,B1164089,,,,,,,,,,,,14000,16,14200,48,15600,4,0,0,0,0,13600,74,13000,2,11000,1,8000,10,300,1,68,228,5930,120334,184300
2026-03-13 12:03,snapshot,B1164089,,,,,,,,,,,,14000,16,14200,48,15600,4,0,0,0,0,13600,74,13000,2,11000,1,8000,10,300,1,68,228,5930,120335,184300
2026-03-13 12:03,snapshot,B1164089,,,,,,,,,,,,14000,16,14200,48,15600,4,0,0,0,0,13600,74,13000,2,11000,1,8000,10,300,1,68,228,5930,120336,184400
2026-03-13 12:03,snapshot,B1164089,,,,,,,,,,,,14000,16,14200,48,15600,4,0,0,0,0,13600,74,13000,2,11000,1,8000,10,300,1,68,228,5930,120337,184300
2026-03-13 12:03,snapshot,B1164089,,,,,,,,,,,,14000,16,14200,48,15600,4,0,0,0,0,13600,74,13000,2,11000,1,8000,10,300,1,68,228,5930,120338,184300
2026-03-13 12:03,snapshot,B1164089,,,,,,,,,,,,14000,16,14200,48,15600,4,0,0,0,0,13600,74,13000,2,11000,1,8000,10,300,1,68,228,5930,120339,184400
2026-03-13 12:03,snapshot,B1164089,,,,,,,,,,,,14000,16,14200,48,15600,4,0,0,0,0,13600,74,13000,2,11000,1,8000,10,300,1,68,228,5930,120340,184300
2026-03-13 12:03,snapshot,B1164089,,,,,,,,,,,,14000,16,14200,48,15600,4,0,0,0,0,13600,74,13000,2,11000,1,8000,10,300,1,68,228,5930,120341,184400
2026-03-13 12:03,snapshot,B1164089,,,,,,,,,,,,14000,16,14200,48,15600,4,0,0,0,0,13600,74,13000,2,11000,1,8000,10,300,1,68,228,5930,120342,184300
2026-03-13 12:03,snapshot,B1164089,,,,,,,,,,,,14000,16,14200,48,15600,4,0,0,0,0,13600,74,13000,2,11000,1,8000,10,300,1,68,228,5930,120343,184300
2026-03-13 12:03,snapshot,B1164089,,,,,,,,,,,,14000,16,14200,48,15600,4,0,0,0,0,13600,74,13000,2,11000,1,8000,10,300,1,68,228,5930,120344,184300
2026-03-13 12:03,snapshot,B1164089,,,,,,,,,,,,14000,16,14200,48,15600,4,0,0,0,0,13600,74,13000,2,11000,1,8000,10,300,1,68,228,5930,120345,184300
2026-03-13 12:03,snapshot,B1164089,,,,,,,,,,,,14000,16,14200,48,15600,4,0,0,0,0,13600,74,13000,2,11000,1,8000,10,300,1,68,228,5930,120346,184300
2026-03-13 12:03,snapshot,B1164089,,,,,,,,,,,,14000,16,14200,48,15600,4,0,0,0,0,13600,74,13000,2,11000,1,8000,10,300,1,68,228,5930,120347,184300
2026-03-13 12:03,snapshot,B1164089,,,,,,,,,,,,14000,16,14200,48,15600,4,0,0,0,0,13600,74,13000,2,11000,1,8000,10,300,1,68,228,5930,120348,184300
2026-03-13 12:03,snapshot,B1164089,,,,,,,,,,,,14000,16,14200,48,15600,4,0,0,0,0,13600,74,13000,2,11000,1,8000,10,300,1,68,228,5930,120349,184300
2026-03-13 12:03,snapshot,B1164089,,,,,,,,,,,,14000,16,14200,48,15600,4,0,0,0,0,13600,74,13000,2,11000,1,8000,10,300,1,68,228,5930,120350,184300
2026-03-13 12:03,snapshot,B1164089,,,,,,,,,,,,14000,16,14200,48,15600,4,0,0,0,0,13600,74,13000,2,11000,1,8000,10,300,1,68,228,5930,120351,184300
2026-03-13 12:03,snapshot,B1164089,,,,,,,,,,,,14000,16,14200,48,15600,4,0,0,0,0,13600,74,13000,2,11000,1,8000,10,300,1,68,228,5930,120352,184300
2026-03-13 12:03,snapshot,B1164089,,,,,,,,,,,,14000,16,14200,48,15600,4,0,0,0,0,13600,74,13000,2,11000,1,8000,10,300,1,68,228,5930,120353,184300
2026-03-13 12:03,snapshot,B1164089,,,,,,,,,,,,14000,16,14200,48,15600,4,0,0,0,0,13600,74,13000,2,11000,1,8000,10,300,1,68,228,5930,120354,184300
2026-03-13 12:03,snapshot,B1164089,,,,,,,,,,,,14000,16,14200,48,15600,4,0,0,0,0,13600,74,13000,2,11000,1,8000,10,300,1,68,228,5930,120355,184300
2026-03-13 12:03,snapshot,B1164089,,,,,,,,,,,,14000,16,14200,48,15600,4,0,0,0,0,13600,74,13000,2,11000,1,8000,10,300,1,68,228,5930,120356,184300
2026-03-13 12:03,snapshot,B1164089,,,,,,,,,,,,14000,16,14200,48,15600,4,0,0,0,0,13600,74,13000,2,11000,1,8000,10,300,1,68,228,5930,120357,184300
2026-03-13 12:03,snapshot,B1164089,,,,,,,,,,,,14000,16,14200,48,15600,4,0,0,0,0,13600,74,13000,2,11000,1,8000,10,300,1,68,228,5930,120358,184300
2026-03-13 12:03,snapshot,B1164089,,,,,,,,,,,,14000,16,14200,48,15600,4,0,0,0,0,13600,74,13000,2,11000,1,8000,10,300,1,68,228,5930,120359,184300
2026-03-13 12:03,snapshot,B1164089,,,,,,,,,,,,14000,16,14200,48,15600,4,0,0,0,0,13600,74,13000,2,11000,1,8000,10,300,1,68,228,5930,120400,184300
2026-03-13 12:04,snapshot,B1164089,,,,,,,,,,,,14000,16,14200,48,15600,4,0,0,0,0,13600,74,13000,2,11000,1,8000,10,300,1,68,228,5930,120401,184300
2026-03-13 12:04,snapshot,B1164089,,,,,,,,,,,,14000,16,14200,48,15600,4,0,0,0,0,13600,74,13000,2,11000,1,8000,10,300,1,68,228,5930,120402,184300
2026-03-13 12:04,snapshot,B1164089,,,,,,,,,,,,14000,16,14200,48,15600,4,0,0,0,0,13600,74,13000,2,11000,1,8000,10,300,1,68,228,5930,120403,184300
2026-03-13 12:04,snapshot,B1164089,,,,,,,,,,,,14200,64,15600,4,0,0,0,0,0,0,13800,26,13600,48,13000,2,11000,1,8000,10,68,228,5930,120404,184500
2026-03-13 12:04,snapshot,B1164089,,,,,,,,,,,,14200,64,15600,4,0,0,0,0,0,0,13800,26,13600,48,13000,2,11000,1,8000,10,68,228,5930,120405,184500
2026-03-13 12:04,snapshot,B1164089,,,,,,,,,,,,14200,64,15600,4,0,0,0,0,0,0,13800,26,13600,48,13000,2,11000,1,8000,10,68,228,5930,120406,184500
2026-03-13 12:04,snapshot,B1164089,,,,,,,,,,,,14200,64,15600,4,0,0,0,0,0,0,13800,26,13600,48,13000,2,11000,1,8000,10,68,228,5930,120407,184500
2026-03-13 12:04,snapshot,B1164089,,,,,,,,,,,,14200,64,15600,4,0,0,0,0,0,0,13800,26,13600,48,13000,2,11000,1,8000,10,68,228,5930,120408,184500
2026-03-13 12:04,snapshot,B1164089,,,,,,,,,,,,14200,64,15600,4,0,0,0,0,0,0,13800,26,13600,48,13000,2,11000,1,8000,10,68,228,5930,120408,184450
2026-03-13 12:04,snapshot,B1164089,,,,,,,,,,,,14200,64,15600,4,0,0,0,0,0,0,13800,26,13600,48,13000,2,11000,1,8000,10,68,228,5930,120408,184450
2026-03-13 12:04,snapshot,B1164089,,,,,,,,,,,,14200,64,15600,4,0,0,0,0,0,0,13800,26,13600,48,13000,2,11000,1,8000,10,68,228,5930,120411,184400
2026-03-13 12:04,snapshot,B1164089,,,,,,,,,,,,14200,64,15600,4,0,0,0,0,0,0,13800,26,13600,48,13000,2,11000,1,8000,10,68,228,5930,120412,184400
2026-03-13 12:04,snapshot,B1164089,,,,,,,,,,,,14200,64,15600,4,0,0,0,0,0,0,13800,26,13600,48,13000,2,11000,1,8000,10,68,228,5930,120413,184400
2026-03-13 12:04,snapshot,B1164089,,,,,,,,,,,,14200,64,15600,4,0,0,0,0,0,0,13800,26,13600,48,13000,2,11000,1,8000,10,68,228,5930,120414,184400
2026-03-13 12:04,snapshot,B1164089,,,,,,,,,,,,14000,16,14200,48,15600,4,0,0,0,0,13600,74,13000,2,11000,1,8000,10,300,1,68,228,5930,120415,184400
2026-03-13 12:04,snapshot,B1164089,,,,,,,,,,,,14000,16,14200,48,15600,4,0,0,0,0,13600,74,13000,2,11000,1,8000,10,300,1,68,228,5930,120416,184500
2026-03-13 12:04,snapshot,B1164089,,,,,,,,,,,,14000,16,14200,48,15600,4,0,0,0,0,13600,74,13000,2,11000,1,8000,10,300,1,68,228,5930,120416,184500
2026-03-13 12:04,snapshot,B1164089,,,,,,,,,,,,14200,64,15600,4,0,0,0,0,0,0,13800,26,13600,48,13000,2,11000,1,8000,10,68,228,5930,120418,184400
2026-03-13 12:04,snapshot,B1164089,,,,,,,,,,,,14200,64,15600,4,0,0,0,0,0,0,13800,26,13600,48,13000,2,11000,1,8000,10,68,228,5930,120418,184400
2026-03-13 12:04,snapshot,B1164089,,,,,,,,,,,,14200,64,15600,4,0,0,0,0,0,0,13800,26,13600,48,13000,2,11000,1,8000,10,68,228,5930,120420,184450
2026-03-13 12:04,snapshot,B1164089,,,,,,,,,,,,14200,64,15600,4,0,0,0,0,0,0,13800,26,13600,48,13000,2,11000,1,8000,10,68,228,5930,120421,184450
2026-03-13 12:04,snapshot,B1164089,,,,,,,,,,,,14200,64,15600,4,0,0,0,0,0,0,13800,26,13600,48,13000,2,11000,1,8000,10,68,228,5930,120422,184500
2026-03-13 12:04,snapshot,B1164089,,,,,,,,,,,,14200,64,15600,4,0,0,0,0,0,0,13800,26,13600,48,13000,2,11000,1,8000,10,68,228,5930,120423,184500
2026-03-13 12:04,snapshot,B1164089,,,,,,,,,,,,14200,64,15600,4,0,0,0,0,0,0,13800,26,13600,48,13000,2,11000,1,8000,10,68,228,5930,120424,184500
2026-03-13 12:04,snapshot,B1164089,,,,,,,,,,,,14200,64,15600,4,0,0,0,0,0,0,13800,26,13600,48,13000,2,11000,1,8000,10,68,228,5930,120424,184500
2026-03-13 12:04,snapshot,B1164089,,,,,,,,,,,,14200,64,15600,4,0,0,0,0,0,0,13800,26,13600,48,13000,2,11000,1,8000,10,68,228,5930,120426,184550
2026-03-13 12:04,snapshot,B1164089,,,,,,,,,,,,14200,64,15600,4,0,0,0,0,0,0,13800,26,13600,48,13000,2,11000,1,8000,10,68,228,5930,120427,184600
2026-03-13 12:04,snapshot,B1164089,,,,,,,,,,,,14200,64,15600,4,0,0,0,0,0,0,13800,26,13600,48,13000,2,11000,1,8000,10,68,228,5930,120427,184550
2026-03-13 12:04,snapshot,B1164089,,,,,,,,,,,,14200,64,15600,4,0,0,0,0,0,0,13800,26,13600,48,13000,2,11000,1,8000,10,68,228,5930,120427,184550
2026-03-13 12:04,snapshot,B1164089,,,,,,,,,,,,14200,64,15600,4,0,0,0,0,0,0,13800,26,13600,48,13000,2,11000,1,8000,10,68,228,5930,120430,184550
2026-03-13 12:04,snapshot,B1164089,,,,,,,,,,,,14200,64,15600,4,0,0,0,0,0,0,13800,26,13600,48,13000,2,11000,1,8000,10,68,228,5930,120430,184550
2026-03-13 12:04,snapshot,B1164089,,,,,,,,,,,,14200,64,15600,4,0,0,0,0,0,0,13800,26,13600,48,13000,2,11000,1,8000,10,68,228,5930,120432,184600
2026-03-13 12:04,snapshot,B1164089,,,,,,,,,,,,14200,64,15600,4,0,0,0,0,0,0,13800,26,13600,48,13000,2,11000,1,8000,10,68,228,5930,120433,184550
2026-03-13 12:04,snapshot,B1164089,,,,,,,,,,,,14200,64,15600,4,0,0,0,0,0,0,13800,26,13600,48,13000,2,11000,1,8000,10,68,228,5930,120434,184550
2026-03-13 12:04,snapshot,B1164089,,,,,,,,,,,,14200,64,15600,4,0,0,0,0,0,0,13800,26,13600,48,13000,2,11000,1,8000,10,68,228,5930,120435,184550
2026-03-13 12:04,snapshot,B1164089,,,,,,,,,,,,14200,64,15600,4,0,0,0,0,0,0,13800,26,13600,48,13000,2,11000,1,8000,10,68,228,5930,120436,184600
2026-03-13 12:04,snapshot,B1164089,,,,,,,,,,,,14200,64,15600,4,0,0,0,0,0,0,13800,26,13600,48,13000,2,11000,1,8000,10,68,228,5930,120437,184600
2026-03-13 12:04,snapshot,B1164089,,,,,,,,,,,,14200,64,15600,4,0,0,0,0,0,0,13800,26,13600,48,13000,2,11000,1,8000,10,68,228,5930,120438,184600
2026-03-13 12:04,snapshot,B1164089,,,,,,,,,,,,14200,64,15600,4,0,0,0,0,0,0,13800,26,13600,48,13000,2,11000,1,8000,10,68,228,5930,120439,184600
2026-03-13 12:04,snapshot,B1164089,,,,,,,,,,,,14200,64,15600,4,0,0,0,0,0,0,13800,26,13600,48,13000,2,11000,1,8000,10,68,228,5930,120440,184600
2026-03-13 12:04,snapshot,B1164089,,,,,,,,,,,,14200,64,15600,4,0,0,0,0,0,0,13800,26,13600,48,13000,2,11000,1,8000,10,68,228,5930,120441,184500
2026-03-13 12:04,snapshot,B1164089,,,,,,,,,,,,14200,64,15600,4,0,0,0,0,0,0,13800,26,13600,48,13000,2,11000,1,8000,10,68,228,5930,120442,184500
2026-03-13 12:04,snapshot,B1164089,,,,,,,,,,,,14200,64,15600,4,0,0,0,0,0,0,13800,26,13600,48,13000,2,11000,1,8000,10,68,228,5930,120443,184500
2026-03-13 12:04,snapshot,B1164089,,,,,,,,,,,,14200,64,15600,4,0,0,0,0,0,0,13800,26,13600,48,13000,2,11000,1,8000,10,68,228,5930,120444,184500
2026-03-13 12:04,snapshot,B1164089,,,,,,,,,,,,14200,64,15600,4,0,0,0,0,0,0,13800,26,13600,48,13000,2,11000,1,8000,10,68,228,5930,120445,184500
2026-03-13 12:04,snapshot,B1164089,,,,,,,,,,,,14000,16,14200,48,15600,4,0,0,0,0,13600,74,13000,2,11000,1,8000,10,300,1,68,228,5930,120446,184500
2026-03-13 12:04,snapshot,B1164089,,,,,,,,,,,,14000,16,14200,48,15600,4,0,0,0,0,13600,74,13000,2,11000,1,8000,10,300,1,68,228,5930,120447,184250
2026-03-13 12:04,snapshot,B1164089,,,,,,,,,,,,14000,16,14200,48,15600,4,0,0,0,0,13600,74,13000,2,11000,1,8000,10,300,1,68,228,5930,120448,184400
2026-03-13 12:04,snapshot,B1164089,,,,,,,,,,,,14000,16,14200,48,15600,4,0,0,0,0,13600,74,13000,2,11000,1,8000,10,300,1,68,228,5930,120449,184300
2026-03-13 12:04,snapshot,B1164089,,,,,,,,,,,,14000,16,14200,48,15600,4,0,0,0,0,13600,74,13000,2,11000,1,8000,10,300,1,68,228,5930,120450,184300
2026-03-13 12:04,snapshot,B1164089,,,,,,,,,,,,14000,16,14200,48,15600,4,0,0,0,0,13600,74,13000,2,11000,1,8000,10,300,1,68,228,5930,120451,184300
2026-03-13 12:04,snapshot,B1164089,,,,,,,,,,,,14000,16,14200,48,15600,4,0,0,0,0,13600,74,13000,2,11000,1,8000,10,300,1,68,228,5930,120452,184300
2026-03-13 12:04,snapshot,B1164089,,,,,,,,,,,,14000,16,14200,48,15600,4,0,0,0,0,13600,74,13000,2,11000,1,8000,10,300,1,68,228,5930,120453,184300
2026-03-13 12:04,snapshot,B1164089,,,,,,,,,,,,14000,16,14200,48,15600,4,0,0,0,0,13600,74,13000,2,11000,1,8000,10,300,1,68,228,5930,120454,184300
2026-03-13 12:04,snapshot,B1164089,,,,,,,,,,,,14000,16,14200,48,15600,4,0,0,0,0,13600,74,13000,2,11000,1,8000,10,300,1,68,228,5930,120455,184250
2026-03-13 12:04,snapshot,B1164089,,,,,,,,,,,,14000,16,14200,48,15600,4,0,0,0,0,13600,74,13000,2,11000,1,8000,10,300,1,68,228,5930,120456,184300
2026-03-13 12:04,snapshot,B1164089,,,,,,,,,,,,14000,16,14200,48,15600,4,0,0,0,0,13600,74,13000,2,11000,1,8000,10,300,1,68,228,5930,120457,184300
2026-03-13 12:04,snapshot,B1164089,,,,,,,,,,,,14000,16,14200,48,15600,4,0,0,0,0,13600,74,13000,2,11000,1,8000,10,300,1,68,228,5930,120458,184300
2026-03-13 12:04,snapshot,B1164089,,,,,,,,,,,,14000,16,14200,48,15600,4,0,0,0,0,13600,74,13000,2,11000,1,8000,10,300,1,68,228,5930,120459,184300
2026-03-13 12:05,snapshot,B1164089,120459,13600,11,979130,46.0749,0.0013,202.255,223.1806,57.501,1716,2868,14200,48,15600,4,0,0,0,0,0,0,13600,4,13400,48,13000,2,11000,1,8000,10,52,206,5930,120500,184300
2026-03-13 12:05,snapshot,B1164089,120501,13600,96,979130,46.0749,0.0013,202.255,223.1806,57.501,1716,2868,14000,48,14200,48,15600,4,0,0,0,0,13600,4,13400,48,13000,2,11000,1,8000,10,100,206,5930,120501,184300
2026-03-13 12:05,snapshot,B1164089,120501,13600,96,979130,46.0749,0.0013,202.255,223.1806,57.501,1716,2868,14000,64,14200,48,15600,4,0,0,0,0,13600,15,13400,48,13000,2,11000,1,8000,10,116,217,5930,120502,184300
2026-03-13 12:05,snapshot,B1164089,120503,13600,10,979130,46.0749,0.0013,202.255,223.1806,57.501,1716,2868,13600,1,14000,48,14200,48,15600,4,0,0,13400,48,13000,2,11000,1,8000,10,300,1,101,202,5930,120503,184300
2026-03-13 12:05,snapshot,B1164089,120503,13600,10,979130,46.0749,0.0013,202.255,223.1806,57.501,1716,2868,13600,1,14000,48,14200,48,15600,4,0,0,13400,48,13000,2,11000,1,8000,10,300,1,101,202,5930,120504,184300
2026-03-13 12:05,snapshot,B1164089,120503,13600,10,979130,46.0749,0.0013,202.255,223.1806,57.501,1716,2868,13600,6,14000,48,14200,48,15600,4,0,0,13400,48,13000,2,11000,1,8000,10,300,1,106,202,5930,120505,184300
2026-03-13 12:05,snapshot,B1164089,120503,13600,10,979130,46.0749,0.0013,202.255,223.1806,57.501,1716,2868,13600,6,14000,48,14200,48,15600,4,0,0,13400,48,13200,15,13000,2,11000,1,8000,10,106,217,5930,120506,184300
2026-03-13 12:05,snapshot,B1164089,120503,13600,10,979130,46.0749,0.0013,202.255,223.1806,57.501,1716,2868,13600,6,14000,48,14200,48,15600,4,0,0,13400,48,13200,15,13000,2,11000,1,8000,10,106,217,5930,120507,184300
2026-03-13 12:05,snapshot,B1164089,120503,13600,10,979130,46.0749,0.0013,202.255,223.1806,57.501,1716,2868,13600,6,14000,48,14200,48,15600,4,0,0,13400,48,13200,15,13000,2,11000,1,8000,10,106,217,5930,120508,184200
2026-03-13 12:05,snapshot,B1164089,120503,13600,10,979130,46.0749,0.0013,202.255,223.1806,57.501,1716,2868,13600,6,14000,48,14200,48,15600,4,0,0,13400,48,13200,15,13000,2,11000,1,8000,10,106,217,5930,120509,184300
2026-03-13 12:05,snapshot,B1164089,120503,13600,10,979130,46.0749,0.0013,202.255,223.1806,57.501,1716,2868,13600,6,14000,48,14200,48,15600,4,0,0,13400,48,13200,15,13000,2,11000,1,8000,10,106,217,5930,120510,184300
2026-03-13 12:05,snapshot,B1164089,120503,13600,10,979130,46.0749,0.0013,202.255,223.1806,57.501,1716,2868,13600,6,14000,48,14200,48,15600,4,0,0,13400,48,13200,15,13000,2,11000,1,8000,10,106,217,5930,120511,184200
2026-03-13 12:05,snapshot,B1164089,120503,13600,10,979130,46.0749,0.0013,202.255,223.1806,57.501,1716,2868,13600,6,14000,48,14200,48,15600,4,0,0,13400,48,13200,15,13000,2,11000,1,8000,10,106,217,5930,120512,184300
2026-03-13 12:05,snapshot,B1164089,120503,13600,10,979130,46.0749,0.0013,202.255,223.1806,57.501,1716,2868,13600,6,14000,48,14200,48,15600,4,0,0,13400,48,13200,15,13000,2,11000,1,8000,10,106,217,5930,120513,184200
2026-03-13 12:05,snapshot,B1164089,120503,13600,10,979130,46.0749,0.0013,202.255,223.1806,57.501,1716,2868,13600,6,14000,48,14200,48,15600,4,0,0,13400,48,13200,15,13000,2,11000,1,8000,10,106,217,5930,120514,184200
2026-03-13 12:05,snapshot,B1164089,120503,13600,10,979130,46.0749,0.0013,202.255,223.1806,57.501,1716,2868,13600,6,14000,48,14200,48,15600,4,0,0,13400,48,13200,15,13000,2,11000,1,8000,10,106,217,5930,120515,184200
2026-03-13 12:05,snapshot,B1164089,120503,13600,10,979130,46.0749,0.0013,202.255,223.1806,57.501,1716,2868,13600,6,14000,48,14200,48,15600,4,0,0,13400,48,13200,15,13000,2,11000,1,8000,10,106,217,5930,120516,184200
2026-03-13 12:05,snapshot,B1164089,120517,13600,5,979130,46.0749,0.0013,202.255,223.1806,57.501,1716,2868,14000,48,14200,48,15600,4,0,0,0,0,13600,9,13400,48,13000,2,11000,1,8000,10,100,211,5930,120517,184200
2026-03-13 12:05,snapshot,B1164089,120517,13600,5,979130,46.0749,0.0013,202.255,223.1806,57.501,1716,2868,14000,48,14200,48,15600,4,0,0,0,0,13600,9,13400,48,13000,2,11000,1,8000,10,100,211,5930,120518,184200
2026-03-13 12:05,snapshot,B1164089,120517,13600,5,979130,46.0749,0.0013,202.255,223.1806,57.501,1716,2868,14000,48,14200,48,15600,4,0,0,0,0,13600,9,13400,48,13000,2,11000,1,8000,10,100,211,5930,120519,184200
2026-03-13 12:05,snapshot,B1164089,120517,13600,5,979130,46.0749,0.0013,202.255,223.1806,57.501,1716,2868,14000,53,14200,48,15600,4,0,0,0,0,13600,24,13000,2,11000,1,8000,10,300,1,105,178,5930,120520,184200
2026-03-13 12:05,snapshot,B1164089,120517,13600,5,979130,46.0749,0.0013,202.255,223.1806,57.501,1716,2868,14000,53,14200,48,15600,4,0,0,0,0,13600,24,13000,2,11000,1,8000,10,300,1,105,178,5930,120521,184200
2026-03-13 12:05,snapshot,B1164089,120517,13600,5,979130,46.0749,0.0013,202.255,223.1806,57.501,1716,2868,14000,53,14200,48,15600,4,0,0,0,0,13600,24,13000,2,11000,1,8000,10,300,1,105,178,5930,120522,184200
2026-03-13 12:05,snapshot,B1164089,120517,13600,5,979130,46.0749,0.0013,202.255,223.1806,57.501,1716,2868,14000,53,14200,48,15600,4,0,0,0,0,13600,24,13000,2,11000,1,8000,10,300,1,105,178,5930,120523,184100
2026-03-13 12:05,snapshot,B1164089,120524,13600,24,972233,45.8809,0.0013,201.9903,222.8696,57.2274,1727,2879,13600,46,14000,48,14200,48,15600,4,0,0,13200,48,13000,2,11000,1,8000,10,300,1,146,202,5930,120524,184150
2026-03-13 12:05,snapshot,B1164089,120524,13600,24,972233,45.8809,0.0013,201.9903,222.8696,57.2274,1727,2879,13600,46,14000,48,14200,48,15600,4,0,0,13200,48,13000,2,11000,1,8000,10,300,1,146,202,5930,120525,184100
2026-03-13 12:05,snapshot,B1164089,120524,13600,24,972233,45.8809,0.0013,201.9903,222.8696,57.2274,1727,2879,13600,51,14000,48,14200,48,15600,4,0,0,13200,48,13000,2,11000,1,8000,10,300,1,151,202,5930,120526,184200
2026-03-13 12:05,snapshot,B1164089,120524,13600,24,972233,45.8809,0.0013,201.9903,222.8696,57.2274,1727,2879,13600,51,14000,48,14200,48,15600,4,0,0,13200,63,13000,2,11000,1,8000,10,300,1,151,217,5930,120527,184200
2026-03-13 12:05,snapshot,B1164089,120524,13600,24,972233,45.8809,0.0013,201.9903,222.8696,57.2274,1727,2879,13600,51,14000,48,14200,48,15600,4,0,0,13200,63,13000,2,11000,1,8000,10,300,1,151,217,5930,120528,184200
2026-03-13 12:05,snapshot,B1164089,120524,13600,24,972233,45.8809,0.0013,201.9903,222.8696,57.2274,1727,2879,13600,51,14000,48,14200,48,15600,4,0,0,13200,63,13000,2,11000,1,8000,10,300,1,151,217,5930,120529,184200
2026-03-13 12:05,snapshot,B1164089,120524,13600,24,972233,45.8809,0.0013,201.9903,222.8696,57.2274,1727,2879,13600,20,14000,48,14200,48,15600,4,0,0,13200,63,13000,2,11000,1,8000,10,300,1,120,217,5930,120530,184200
2026-03-13 12:05,snapshot,B1164089,120524,13600,24,972233,45.8809,0.0013,201.9903,222.8696,57.2274,1727,2879,13600,20,14000,48,14200,48,15600,4,0,0,13200,63,13000,2,11000,1,8000,10,300,1,120,217,5930,120531,184200
2026-03-13 12:05,snapshot,B1164089,120524,13600,24,972233,45.8809,0.0013,201.9903,222.8696,57.2274,1727,2879,13600,20,14000,48,14200,48,15600,4,0,0,13200,63,13000,2,11000,1,8000,10,300,1,120,217,5930,120532,184200
2026-03-13 12:05,snapshot,B1164089,120524,13600,24,972233,45.8809,0.0013,201.9903,222.8696,57.2274,1727,2879,13600,20,14000,48,14200,48,15600,4,0,0,13200,63,13000,2,11000,1,8000,10,300,1,120,217,5930,120533,184200
2026-03-13 12:05,snapshot,B1164089,120524,13600,24,972233,45.8809,0.0013,201.9903,222.8696,57.2274,1727,2879,13600,20,14000,48,14200,48,15600,4,0,0,13200,63,13000,2,11000,1,8000,10,300,1,120,217,5930,120534,184100
2026-03-13 12:05,snapshot,B1164089,120524,13600,24,972233,45.8809,0.0013,201.9903,222.8696,57.2274,1727,2879,13600,20,13800,11,14200,48,15600,4,0,0,13400,59,13200,63,13000,2,11000,3,8000,10,83,278,5930,120548,184000
2026-03-13 12:05,snapshot,B1164089,120524,13600,24,972233,45.8809,0.0013,201.9903,222.8696,57.2274,1727,2879,13600,20,13800,11,14200,48,15600,4,0,0,13400,59,13200,63,13000,2,11000,3,8000,10,83,278,5930,120549,184100
2026-03-13 12:05,snapshot,B1164089,120524,13600,24,972233,45.8809,0.0013,201.9903,222.8696,57.2274,1727,2879,13600,20,13800,11,14200,48,15600,4,0,0,13400,59,13200,63,13000,2,11000,3,8000,10,83,278,5930,120550,184100
2026-03-13 12:05,snapshot,B1164089,120524,13600,24,972233,45.8809,0.0013,201.9903,222.8696,57.2274,1727,2879,13600,20,13800,11,14200,48,15600,4,0,0,13400,59,13200,63,13000,2,11000,3,8000,10,83,278,5930,120551,184100
2026-03-13 12:05,snapshot,B1164089,120524,13600,24,972233,45.8809,0.0013,201.9903,222.8696,57.2274,1727,2879,13600,20,13800,11,14200,48,15600,4,0,0,13400,59,13200,63,13000,2,11000,3,8000,10,83,278,5930,120552,184100
2026-03-13 12:05,snapshot,B1164089,120524,13600,24,972233,45.8809,0.0013,201.9903,222.8696,57.2274,1727,2879,13600,20,13800,11,14200,48,15600,4,0,0,13400,59,13200,63,13000,2,11000,3,8000,10,83,278,5930,120553,184100
2026-03-13 12:05,snapshot,B1164089,120524,13600,24,972233,45.8809,0.0013,201.9903,222.8696,57.2274,1727,2879,13600,20,13800,11,14200,48,15600,4,0,0,13400,59,13200,63,13000,2,11000,3,8000,10,83,278,5930,120554,184100
2026-03-13 12:05,snapshot,B1164089,120524,13600,24,972233,45.8809,0.0013,201.9903,222.8696,57.2274,1727,2879,13600,20,13800,11,14200,48,15600,4,0,0,13400,59,13200,63,13000,2,11000,3,8000,10,83,278,5930,120555,184100
2026-03-13 12:05,snapshot,B1164089,120524,13600,24,972233,45.8809,0.0013,201.9903,222.8696,57.2274,1727,2879,13600,20,13800,11,14200,48,15600,4,0,0,13400,59,13200,63,13000,2,11000,3,8000,10,83,278,5930,120556,184100
2026-03-13 12:05,snapshot,B1164089,120524,13600,24,972233,45.8809,0.0013,201.9903,222.8696,57.2274,1727,2879,13600,20,13800,11,14200,48,15600,4,0,0,13400,59,13200,63,13000,2,11000,3,8000,10,83,278,5930,120557,184000
2026-03-13 12:05,snapshot,B1164089,120524,13600,24,972233,45.8809,0.0013,201.9903,222.8696,57.2274,1727,2879,13600,20,13800,11,14200,48,15600,4,0,0,13400,11,13200,63,13000,2,11000,3,8000,10,83,230,5930,120558,184000
2026-03-13 12:05,snapshot,B1164089,120524,13600,24,972233,45.8809,0.0013,201.9903,222.8696,57.2274,1727,2879,13600,20,13800,11,14200,48,15600,4,0,0,13400,11,13200,63,13000,2,11000,3,8000,10,83,230,5930,120559,184000
2026-03-13 12:06,snapshot,B1164089,120524,13600,24,972233,45.8809,0.0013,201.9903,222.8696,57.2274,1727,2879,13600,20,13800,11,14200,48,15600,4,0,0,13400,11,13200,63,13000,2,11000,3,8000,10,83,230,5930,120600,184000
2026-03-13 12:06,snapshot,B1164089,120524,13600,24,972233,45.8809,0.0013,201.9903,222.8696,57.2274,1727,2879,13600,20,13800,11,14200,48,15600,4,0,0,13400,11,13200,63,13000,2,11000,3,8000,10,83,230,5930,120601,184100
2026-03-13 12:06,snapshot,B1164089,120524,13600,24,972233,45.8809,0.0013,201.9903,222.8696,57.2274,1727,2879,13600,20,13800,11,14200,48,15600,4,0,0,13400,11,13200,63,13000,2,11000,3,8000,10,83,230,5930,120602,184000
2026-03-13 12:06,snapshot,B1164089,120524,13600,24,972233,45.8809,0.0013,201.9903,222.8696,57.2274,1727,2879,13600,20,13800,11,14200,48,15600,4,0,0,13400,11,13200,63,13000,2,11000,3,8000,10,83,230,5930,120603,184100
2026-03-13 12:06,snapshot,B1164089,120524,13600,24,972233,45.8809,0.0013,201.9903,222.8696,57.2274,1727,2879,13600,20,13800,11,14200,48,15600,4,0,0,13400,11,13200,63,13000,2,11000,3,8000,10,83,230,5930,120604,184100
2026-03-13 12:06,snapshot,B1164089,120524,13600,24,972233,45.8809,0.0013,201.9903,222.8696,57.2274,1727,2879,13600,20,13800,11,14200,48,15600,4,0,0,13400,11,13200,63,13000,2,11000,3,8000,10,83,230,5930,120605,184100
2026-03-13 12:06,snapshot,B1164089,120524,13600,24,972233,45.8809,0.0013,201.9903,222.8696,57.2274,1727,2879,13600,20,13800,11,14200,48,15600,4,0,0,13400,11,13200,63,13000,2,11000,3,8000,10,83,230,5930,120606,184100
2026-03-13 12:06,snapshot,B1164089,120524,13600,24,972233,45.8809,0.0013,201.9903,222.8696,57.2274,1727,2879,13600,31,14200,48,15600,4,0,0,0,0,13200,74,13000,2,11000,3,8000,10,300,1,83,230,5930,120607,183950
2026-03-13 12:06,snapshot,B1164089,120524,13600,24,972233,45.8809,0.0013,201.9903,222.8696,57.2274,1727,2879,13600,31,14200,48,15600,4,0,0,0,0,13200,74,13000,2,11000,3,8000,10,300,1,83,230,5930,120608,183950
2026-03-13 12:06,snapshot,B1164089,120524,13600,24,972233,45.8809,0.0013,201.9903,222.8696,57.2274,1727,2879,13600,31,14200,48,15600,4,0,0,0,0,13200,74,13000,2,11000,3,8000,10,300,1,83,230,5930,120609,183900
2026-03-13 12:06,snapshot,B1164089,120524,13600,24,972233,45.8809,0.0013,201.9903,222.8696,57.2274,1727,2879,13600,31,14200,48,15600,4,0,0,0,0,13200,74,13000,2,11000,3,8000,10,300,1,83,230,5930,120610,184000
2026-03-13 12:06,snapshot,B1164089,120524,13600,24,972233,45.8809,0.0013,201.9903,222.8696,57.2274,1727,2879,13600,31,14200,48,15600,4,0,0,0,0,13200,74,13000,2,11000,3,8000,10,300,1,83,230,5930,120611,184000
2026-03-13 12:06,snapshot,B1164089,120524,13600,24,972233,45.8809,0.0013,201.9903,222.8696,57.2274,1727,2879,13600,31,14200,48,15600,4,0,0,0,0,13200,74,13000,2,11000,3,8000,10,300,1,83,230,5930,120612,184000
2026-03-13 12:06,snapshot,B1164089,120524,13600,24,972233,45.8809,0.0013,201.9903,222.8696,57.2274,1727,2879,13600,31,14200,48,15600,4,0,0,0,0,13200,74,13000,2,11000,3,8000,10,300,1,83,230,5930,120613,184000
2026-03-13 12:06,snapshot,B1164089,120524,13600,24,972233,45.8809,0.0013,201.9903,222.8696,57.2274,1727,2879,13600,31,14200,48,15600,4,0,0,0,0,13200,74,13000,2,11000,3,8000,10,300,1,83,230,5930,120614,184000
2026-03-13 12:06,snapshot,B1164089,120524,13600,24,972233,45.8809,0.0013,201.9903,222.8696,57.2274,1727,2879,13600,31,14200,48,15600,4,0,0,0,0,13200,74,13000,2,11000,3,8000,10,300,1,83,230,5930,120615,184000
2026-03-13 12:06,snapshot,B1164089,120524,13600,24,972233,45.8809,0.0013,201.9903,222.8696,57.2274,1727,2879,13600,31,14200,48,15600,4,0,0,0,0,13200,74,13000,2,11000,3,8000,10,300,1,83,230,5930,120616,184000
2026-03-13 12:06,snapshot,B1164089,120524,13600,24,972233,45.8809,0.0013,201.9903,222.8696,57.2274,1727,2879,13600,31,14200,48,15600,4,0,0,0,0,13200,74,13000,2,11000,3,8000,10,300,1,83,230,5930,120617,184000
2026-03-13 12:06,snapshot,B1164089,120524,13600,24,972233,45.8809,0.0013,201.9903,222.8696,57.2274,1727,2879,13600,20,13800,11,14200,48,15600,4,0,0,13400,11,13200,63,13000,2,11000,3,8000,10,83,230,5930,120618,184000
2026-03-13 12:06,snapshot,B1164089,120524,13600,24,972233,45.8809,0.0013,201.9903,222.8696,57.2274,1727,2879,13600,31,14200,48,15600,4,0,0,0,0,13200,74,13000,2,11000,3,8000,10,300,1,83,230,5930,120619,184000
2026-03-13 12:06,snapshot,B1164089,120524,13600,24,972233,45.8809,0.0013,201.9903,222.8696,57.2274,1727,2879,13600,31,14200,48,15600,4,0,0,0,0,13200,74,13000,2,11000,3,8000,10,300,1,83,230,5930,120620,183900
2026-03-13 12:06,snapshot,B1164089,120524,13600,24,972233,45.8809,0.0013,201.9903,222.8696,57.2274,1727,2879,13600,31,14200,48,15600,4,0,0,0,0,13200,74,12000,2,11000,3,8000,10,300,1,83,230,5930,120621,184000
2026-03-13 12:06,snapshot,B1164089,120524,13600,24,972233,45.8809,0.0013,201.9903,222.8696,57.2274,1727,2879,13600,31,14200,48,15600,4,0,0,0,0,13200,74,12000,2,11000,3,8000,10,300,1,83,230,5930,120622,184000
2026-03-13 12:06,snapshot,B1164089,120524,13600,24,972233,45.8809,0.0013,201.9903,222.8696,57.2274,1727,2879,13600,31,14200,48,15600,4,0,0,0,0,13200,74,12000,2,11000,3,8000,10,300,1,83,230,5930,120623,184000
2026-03-13 12:06,snapshot,B1164089,120524,13600,24,972233,45.8809,0.0013,201.9903,222.8696,57.2274,1727,2879,13600,16,14200,48,15600,4,0,0,0,0,13200,74,12000,2,11000,3,8000,10,300,1,68,230,5930,120624,183900
2026-03-13 12:06,snapshot,B1164089,120524,13600,24,972233,45.8809,0.0013,201.9903,222.8696,57.2274,1727,2879,13600,16,14200,48,15600,4,0,0,0,0,13200,74,12000,2,11000,3,8000,10,300,1,68,230,5930,120625,183900
2026-03-13 12:06,snapshot,B1164089,120524,13600,24,972233,45.8809,0.0013,201.9903,222.8696,57.2274,1727,2879,13600,16,14200,48,15600,4,0,0,0,0,13200,74,12000,2,11000,3,8000,10,300,1,68,230,5930,120626,183900
2026-03-13 12:06,snapshot,B1164089,120524,13600,24,972233,45.8809,0.0013,201.9903,222.8696,57.2274,1727,2879,13600,16,14200,48,15600,4,0,0,0,0,13200,74,12000,2,11000,3,8000,10,300,1,68,230,5930,120627,184000
2026-03-13 12:06,snapshot,B1164089,120524,13600,24,972233,45.8809,0.0013,201.9903,222.8696,57.2274,1727,2879,13600,16,14200,48,15600,4,0,0,0,0,13200,74,12000,2,11000,3,8000,10,300,1,68,230,5930,120628,184000
2026-03-13 12:06,snapshot,B1164089,120524,13600,24,972233,45.8809,0.0013,201.9903,222.8696,57.2274,1727,2879,13600,16,14200,48,15600,4,0,0,0,0,13200,74,12000,2,11000,3,8000,10,300,1,68,230,5930,120629,184000
2026-03-13 12:06,snapshot,B1164089,120524,13600,24,972233,45.8809,0.0013,201.9903,222.8696,57.2274,1727,2879,13600,16,14200,48,15600,4,0,0,0,0,13200,74,12000,2,11000,3,8000,10,300,1,68,230,5930,120630,184000
2026-03-13 12:06,snapshot,B1164089,120524,13600,24,972233,45.8809,0.0013,201.9903,222.8696,57.2274,1727,2879,13600,16,14200,48,15600,4,0,0,0,0,13200,74,12000,2,11000,3,8000,10,300,1,68,230,5930,120631,184000
2026-03-13 12:06,snapshot,B1164089,120524,13600,24,972233,45.8809,0.0013,201.9903,222.8696,57.2274,1727,2879,13600,16,14200,48,15600,4,0,0,0,0,13200,74,12000,2,11000,3,8000,10,300,1,68,230,5930,120632,184000
2026-03-13 12:06,snapshot,B1164089,120524,13600,24,972233,45.8809,0.0013,201.9903,222.8696,57.2274,1727,2879,13600,16,14200,48,15600,4,0,0,0,0,13200,74,12000,2,11000,3,8000,10,300,1,68,230,5930,120633,183900
2026-03-13 12:06,snapshot,B1164089,120524,13600,24,972233,45.8809,0.0013,201.9903,222.8696,57.2274,1727,2879,13600,16,14200,48,15600,4,0,0,0,0,13200,74,12000,2,11000,3,8000,10,300,1,68,230,5930,120634,184000
2026-03-13 12:06,snapshot,B1164089,120524,13600,24,972233,45.8809,0.0013,201.9903,222.8696,57.2274,1727,2879,13600,16,14200,48,15600,4,0,0,0,0,13200,74,12000,2,11000,3,8000,10,300,1,68,230,5930,120635,184000
2026-03-13 12:06,snapshot,B1164089,120524,13600,24,972233,45.8809,0.0013,201.9903,222.8696,57.2274,1727,2879,13600,16,14200,48,15600,4,0,0,0,0,13200,74,12000,2,11000,3,8000,10,300,1,68,230,5930,120636,184000
2026-03-13 12:06,snapshot,B1164089,120524,13600,24,972233,45.8809,0.0013,201.9903,222.8696,57.2274,1727,2879,13600,16,14200,48,15600,4,0,0,0,0,13200,74,12000,2,11000,3,8000,10,300,1,68,230,5930,120637,184000
2026-03-13 12:06,snapshot,B1164089,120524,13600,24,972233,45.8809,0.0013,201.9903,222.8696,57.2274,1727,2879,13600,16,14200,48,15600,4,0,0,0,0,13200,74,12000,2,11000,3,8000,10,300,1,68,230,5930,120638,184000
2026-03-13 12:06,snapshot,B1164089,120524,13600,24,972233,45.8809,0.0013,201.9903,222.8696,57.2274,1727,2879,13600,16,14200,48,15600,4,0,0,0,0,13200,74,12000,2,11000,3,8000,10,300,1,68,230,5930,120639,184000
2026-03-13 12:06,snapshot,B1164089,120524,13600,24,972233,45.8809,0.0013,201.9903,222.8696,57.2274,1727,2879,13600,16,14200,48,15600,4,0,0,0,0,13200,74,12000,2,11000,3,8000,10,300,1,68,230,5930,120640,184000
2026-03-13 12:06,snapshot,B1164089,120524,13600,24,972233,45.8809,0.0013,201.9903,222.8696,57.2274,1727,2879,13600,16,14200,48,15600,4,0,0,0,0,13200,74,12000,2,11000,3,8000,10,300,1,68,230,5930,120641,184000
2026-03-13 12:06,snapshot,B1164089,120524,13600,24,972233,45.8809,0.0013,201.9903,222.8696,57.2274,1727,2879,13600,16,14200,48,15600,4,0,0,0,0,13200,74,12000,2,11000,3,8000,10,300,1,68,230,5930,120642,184000
2026-03-13 12:06,snapshot,B1164089,120524,13600,24,972233,45.8809,0.0013,201.9903,222.8696,57.2274,1727,2879,13600,16,14200,48,15600,4,0,0,0,0,13200,74,12000,2,11000,3,8000,10,300,1,68,230,5930,120643,184000
2026-03-13 12:06,snapshot,B1164089,120524,13600,24,972233,45.8809,0.0013,201.9903,222.8696,57.2274,1727,2879,13600,16,14200,48,15600,4,0,0,0,0,13200,74,12000,2,11000,3,8000,10,300,1,68,230,5930,120644,183950
2026-03-13 12:06,snapshot,B1164089,120524,13600,24,972233,45.8809,0.0013,201.9903,222.8696,57.2274,1727,2879,13600,16,14200,48,15600,4,0,0,0,0,13200,74,12000,2,11000,3,8000,10,300,1,68,230,5930,120645,184000
2026-03-13 12:06,snapshot,B1164089,120524,13600,24,972233,45.8809,0.0013,201.9903,222.8696,57.2274,1727,2879,13600,16,14200,48,15600,4,0,0,0,0,13200,74,12000,2,11000,3,8000,10,300,1,68,230,5930,120646,184000
2026-03-13 12:06,snapshot,B1164089,120524,13600,24,972233,45.8809,0.0013,201.9903,222.8696,57.2274,1727,2879,13800,64,14200,48,15600,4,0,0,0,0,13400,26,13200,48,12000,2,11000,3,8000,10,116,230,5930,120647,184000
2026-03-13 12:06,snapshot,B1164089,120524,13600,24,972233,45.8809,0.0013,201.9903,222.8696,57.2274,1727,2879,13800,64,14200,48,15600,4,0,0,0,0,13400,26,13200,48,12000,2,11000,3,8000,10,116,230,5930,120648,184000
2026-03-13 12:06,snapshot,B1164089,120524,13600,24,972233,45.8809,0.0013,201.9903,222.8696,57.2274,1727,2879,13800,64,14200,48,15600,4,0,0,0,0,13400,26,13200,48,12000,2,11000,3,8000,10,116,230,5930,120649,184000
2026-03-13 12:06,snapshot,B1164089,120524,13600,24,972233,45.8809,0.0013,201.9903,222.8696,57.2274,1727,2879,13800,64,14200,48,15600,4,0,0,0,0,13400,26,13200,48,12000,2,11000,3,8000,10,116,230,5930,120650,184000
2026-03-13 12:06,snapshot,B1164089,120524,13600,24,972233,45.8809,0.0013,201.9903,222.8696,57.2274,1727,2879,13800,64,14200,48,15600,4,0,0,0,0,13400,26,13200,48,12000,2,11000,3,8000,10,116,230,5930,120651,184000
2026-03-13 12:06,snapshot,B1164089,120524,13600,24,972233,45.8809,0.0013,201.9903,222.8696,57.2274,1727,2879,13800,64,14200,48,15600,4,0,0,0,0,13400,26,13200,48,12000,2,11000,3,8000,10,116,230,5930,120652,184000
2026-03-13 12:06,snapshot,B1164089,120524,13600,24,972233,45.8809,0.0013,201.9903,222.8696,57.2274,1727,2879,13800,64,14200,48,15600,4,0,0,0,0,13400,26,13200,48,12000,2,11000,3,8000,10,116,230,5930,120653,184000
2026-03-13 12:06,snapshot,B1164089,120524,13600,24,972233,45.8809,0.0013,201.9903,222.8696,57.2274,1727,2879,13800,64,14200,48,15600,4,0,0,0,0,13400,26,13200,48,12000,2,11000,3,8000,10,116,230,5930,120654,184000
2026-03-13 12:06,snapshot,B1164089,120524,13600,24,972233,45.8809,0.0013,201.9903,222.8696,57.2274,1727,2879,13800,64,14200,48,15600,4,0,0,0,0,13400,26,13200,48,12000,2,11000,3,8000,10,116,230,5930,120655,184050
2026-03-13 12:06,snapshot,B1164089,120524,13600,24,972233,45.8809,0.0013,201.9903,222.8696,57.2274,1727,2879,13800,64,14200,48,15600,4,0,0,0,0,13400,26,13200,48,12000,2,11000,3,8000,10,116,230,5930,120656,184000
2026-03-13 12:06,snapshot,B1164089,120524,13600,24,972233,45.8809,0.0013,201.9903,222.8696,57.2274,1727,2879,13800,64,14200,48,15600,4,0,0,0,0,13400,26,13200,48,12000,2,11000,3,8000,10,116,230,5930,120657,184100
2026-03-13 12:06,snapshot,B1164089,120524,13600,24,972233,45.8809,0.0013,201.9903,222.8696,57.2274,1727,2879,13800,64,14200,48,15600,4,0,0,0,0,13400,26,13200,48,12000,2,11000,3,8000,10,116,230,5930,120658,184000
2026-03-13 12:06,snapshot,B1164089,120524,13600,24,972233,45.8809,0.0013,201.9903,222.8696,57.2274,1727,2879,13600,16,13800,48,14200,48,15600,4,0,0,13200,74,12000,2,11000,3,8000,10,300,1,116,230,5930,120659,184000
2026-03-13 12:07,snapshot,B1164089,120524,13600,24,972233,45.8809,0.0013,201.9903,222.8696,57.2274,1727,2879,13600,16,13800,48,14200,48,15600,4,0,0,13200,74,12000,2,11000,3,8000,10,300,1,116,230,5930,120700,184050
2026-03-13 12:07,snapshot,B1164089,120524,13600,24,972233,45.8809,0.0013,201.9903,222.8696,57.2274,1727,2879,13600,16,13800,48,14200,48,15600,4,0,0,13200,74,12000,2,11000,3,8000,10,300,1,116,230,5930,120701,184000
2026-03-13 12:07,snapshot,B1164089,120524,13600,24,972233,45.8809,0.0013,201.9903,222.8696,57.2274,1727,2879,13600,16,13800,48,14200,48,15600,4,0,0,13200,74,12000,2,11000,3,8000,10,300,1,116,230,5930,120702,183950
2026-03-13 12:07,snapshot,B1164089,120524,13600,24,972233,45.8809,0.0013,201.9903,222.8696,57.2274,1727,2879,13600,16,13800,48,14200,48,15600,4,0,0,13200,74,12000,2,11000,3,8000,10,300,1,116,230,5930,120703,184000
2026-03-13 12:07,snapshot,B1164089,120524,13600,24,972233,45.8809,0.0013,201.9903,222.8696,57.2274,1727,2879,13600,16,13800,48,14200,48,15600,4,0,0,13200,74,12000,2,11000,3,8000,10,300,1,116,230,5930,120704,184000
2026-03-13 12:07,snapshot,B1164089,120524,13600,24,972233,45.8809,0.0013,201.9903,222.8696,57.2274,1727,2879,13600,16,13800,48,14200,48,15600,4,0,0,13200,74,12000,2,11000,3,8000,10,300,1,116,230,5930,120705,183950
2026-03-13 12:07,snapshot,B1164089,120524,13600,24,972233,45.8809,0.0013,201.9903,222.8696,57.2274,1727,2879,13600,16,13800,48,14200,48,15600,4,0,0,13200,74,12000,2,11000,3,8000,10,300,1,116,230,5930,120706,184000
2026-03-13 12:07,snapshot,B1164089,120524,13600,24,972233,45.8809,0.0013,201.9903,222.8696,57.2274,1727,2879,13600,16,13800,48,14200,48,15600,4,0,0,13200,74,12000,2,11000,3,8000,10,300,1,116,230,5930,120707,184000
2026-03-13 12:07,snapshot,B1164089,120524,13600,24,972233,45.8809,0.0013,201.9903,222.8696,57.2274,1727,2879,13600,16,13800,48,14200,48,15600,4,0,0,13200,74,12000,2,11000,3,8000,10,300,1,116,230,5930,120708,184000
2026-03-13 12:07,snapshot,B1164089,120524,13600,24,972233,45.8809,0.0013,201.9903,222.8696,57.2274,1727,2879,13600,16,13800,48,14200,48,15600,4,0,0,13200,74,12000,2,11000,3,8000,10,300,1,116,230,5930,120709,183900
2026-03-13 12:07,snapshot,B1164089,120524,13600,24,972233,45.8809,0.0013,201.9903,222.8696,57.2274,1727,2879,13600,16,13800,48,14200,48,15600,4,0,0,13200,74,12000,2,11000,3,8000,10,300,1,116,230,5930,120710,184000
2026-03-13 12:07,snapshot,B1164089,120524,13600,24,972233,45.8809,0.0013,201.9903,222.8696,57.2274,1727,2879,13600,16,13800,48,14200,48,15600,4,0,0,13200,74,12000,2,11000,3,8000,10,300,1,116,230,5930,120711,184000
2026-03-13 12:07,snapshot,B1164089,120524,13600,24,972233,45.8809,0.0013,201.9903,222.8696,57.2274,1727,2879,13600,16,13800,48,14200,48,15600,4,0,0,13200,74,12000,2,11000,3,8000,10,300,1,116,230,5930,120712,184000
2026-03-13 12:07,snapshot,B1164089,120524,13600,24,972233,45.8809,0.0013,201.9903,222.8696,57.2274,1727,2879,13800,64,14200,48,15600,4,0,0,0,0,13400,26,13200,48,12000,2,11000,3,8000,10,116,230,5930,120713,184000
2026-03-13 12:07,snapshot,B1164089,120524,13600,24,972233,45.8809,0.0013,201.9903,222.8696,57.2274,1727,2879,13800,64,14200,48,15600,4,0,0,0,0,13400,26,13200,48,12000,2,11000,3,8000,10,116,230,5930,120714,183900
2026-03-13 12:07,snapshot,B1164089,120524,13600,24,972233,45.8809,0.0013,201.9903,222.8696,57.2274,1727,2879,13600,16,13800,48,14200,48,15600,4,0,0,13200,74,12000,2,11000,3,8000,10,300,1,116,230,5930,120715,184000
2026-03-13 12:07,snapshot,B1164089,120524,13600,24,972233,45.8809,0.0013,201.9903,222.8696,57.2274,1727,2879,13800,64,14200,48,15600,4,0,0,0,0,13400,26,13200,48,12000,2,11000,3,8000,10,116,230,5930,120716,184000
2026-03-13 12:07,snapshot,B1164089,120524,13600,24,972233,45.8809,0.0013,201.9903,222.8696,57.2274,1727,2879,13800,64,14200,48,15600,4,0,0,0,0,13400,26,13200,48,12000,2,11000,3,8000,10,116,230,5930,120717,184000
2026-03-13 12:07,snapshot,B1164089,120524,13600,24,972233,45.8809,0.0013,201.9903,222.8696,57.2274,1727,2879,13800,64,14200,48,15600,4,0,0,0,0,13400,26,13200,48,12000,2,11000,3,8000,10,116,230,5930,120718,184000
2026-03-13 12:07,snapshot,B1164089,120524,13600,24,972233,45.8809,0.0013,201.9903,222.8696,57.2274,1727,2879,13800,64,14200,48,15600,4,0,0,0,0,13400,26,13200,48,12000,2,11000,3,8000,10,116,230,5930,120719,184000
2026-03-13 12:07,snapshot,B1164089,120524,13600,24,972233,45.8809,0.0013,201.9903,222.8696,57.2274,1727,2879,13800,64,14200,48,15600,4,0,0,0,0,13400,26,13200,48,12000,2,11000,3,8000,10,116,230,5930,120720,184000
2026-03-13 12:07,snapshot,B1164089,120524,13600,24,972233,45.8809,0.0013,201.9903,222.8696,57.2274,1727,2879,13800,64,14200,48,15600,4,0,0,0,0,13400,26,13200,48,12000,2,11000,3,8000,10,116,230,5930,120721,184000
2026-03-13 12:07,snapshot,B1164089,120524,13600,24,972233,45.8809,0.0013,201.9903,222.8696,57.2274,1727,2879,13800,64,14200,48,15600,4,0,0,0,0,13400,26,13200,48,12000,2,11000,3,8000,10,116,230,5930,120722,184000
2026-03-13 12:07,snapshot,B1164089,120524,13600,24,972233,45.8809,0.0013,201.9903,222.8696,57.2274,1727,2879,13800,64,14200,48,15600,4,0,0,0,0,13400,26,13200,48,12000,2,11000,3,8000,10,116,230,5930,120723,184000
2026-03-13 12:07,snapshot,B1164089,120524,13600,24,972233,45.8809,0.0013,201.9903,222.8696,57.2274,1727,2879,13800,64,14200,48,15600,4,0,0,0,0,13400,26,13200,48,12000,2,11000,3,8000,10,116,230,5930,120724,184000
2026-03-13 12:07,snapshot,B1164089,120524,13600,24,972233,45.8809,0.0013,201.9903,222.8696,57.2274,1727,2879,13800,64,14200,48,15600,4,0,0,0,0,13400,74,13200,48,12000,2,11000,3,8000,10,116,278,5930,120725,184200
2026-03-13 12:07,snapshot,B1164089,120524,13600,24,972233,45.8809,0.0013,201.9903,222.8696,57.2274,1727,2879,13800,64,14200,48,15600,4,0,0,0,0,13400,74,13200,48,12000,2,11000,3,8000,10,116,278,5930,120726,184200
2026-03-13 12:07,snapshot,B1164089,120524,13600,24,972233,45.8809,0.0013,201.9903,222.8696,57.2274,1727,2879,13800,64,14200,48,15600,4,0,0,0,0,13400,74,13200,48,12000,2,11000,3,8000,10,116,278,5930,120727,184100
2026-03-13 12:07,snapshot,B1164089,120524,13600,24,972233,45.8809,0.0013,201.9903,222.8696,57.2274,1727,2879,13800,59,14200,48,15600,4,0,0,0,0,13400,59,13200,48,12000,2,11000,3,8000,10,111,263,5930,120728,184050
2026-03-13 12:07,snapshot,B1164089,120524,13600,24,972233,45.8809,0.0013,201.9903,222.8696,57.2274,1727,2879,13800,59,14200,48,15600,4,0,0,0,0,13400,59,13200,48,12000,2,11000,3,8000,10,111,263,5930,120729,184000
2026-03-13 12:07,snapshot,B1164089,120524,13600,24,972233,45.8809,0.0013,201.9903,222.8696,57.2274,1727,2879,13800,64,14200,48,15600,4,0,0,0,0,13400,74,13200,48,12000,2,11000,3,8000,10,116,278,5930,120730,184100
2026-03-13 12:07,snapshot,B1164089,120524,13600,24,972233,45.8809,0.0013,201.9903,222.8696,57.2274,1727,2879,13800,64,14200,48,15600,4,0,0,0,0,13400,74,13200,48,12000,2,11000,3,8000,10,116,278,5930,120731,184000
2026-03-13 12:07,snapshot,B1164089,120524,13600,24,972233,45.8809,0.0013,201.9903,222.8696,57.2274,1727,2879,13800,64,14200,48,15600,4,0,0,0,0,13400,74,13200,48,12000,2,11000,3,8000,10,116,278,5930,120732,184100
2026-03-13 12:07,snapshot,B1164089,120524,13600,24,972233,45.8809,0.0013,201.9903,222.8696,57.2274,1727,2879,13800,64,14200,48,15600,4,0,0,0,0,13400,74,13200,48,12000,2,11000,3,8000,10,116,278,5930,120733,184100
2026-03-13 12:07,snapshot,B1164089,120524,13600,24,972233,45.8809,0.0013,201.9903,222.8696,57.2274,1727,2879,13800,64,14200,48,15600,4,0,0,0,0,13400,74,13200,48,12000,2,11000,3,8000,10,116,278,5930,120734,184100
2026-03-13 12:07,snapshot,B1164089,120524,13600,24,972233,45.8809,0.0013,201.9903,222.8696,57.2274,1727,2879,13800,64,14200,48,15600,4,0,0,0,0,13400,74,13200,48,12000,2,11000,3,8000,10,116,278,5930,120735,184100
2026-03-13 12:07,snapshot,B1164089,120524,13600,24,972233,45.8809,0.0013,201.9903,222.8696,57.2274,1727,2879,13800,64,14200,48,15600,4,0,0,0,0,13400,74,13200,48,12000,2,11000,3,8000,10,116,278,5930,120736,184100
2026-03-13 12:07,snapshot,B1164089,120524,13600,24,972233,45.8809,0.0013,201.9903,222.8696,57.2274,1727,2879,13800,64,14200,48,15600,4,0,0,0,0,13400,74,13200,48,12000,2,11000,3,8000,10,116,278,5930,120737,184100
2026-03-13 12:07,snapshot,B1164089,120524,13600,24,972233,45.8809,0.0013,201.9903,222.8696,57.2274,1727,2879,13800,64,14200,48,15600,4,0,0,0,0,13400,74,13200,48,12000,2,11000,3,8000,10,116,278,5930,120738,184100
2026-03-13 12:07,snapshot,B1164089,120524,13600,24,972233,45.8809,0.0013,201.9903,222.8696,57.2274,1727,2879,13800,64,14200,48,15600,4,0,0,0,0,13400,74,13200,48,12000,2,11000,3,8000,10,116,278,5930,120739,184100
2026-03-13 12:07,snapshot,B1164089,120524,13600,24,972233,45.8809,0.0013,201.9903,222.8696,57.2274,1727,2879,13800,64,14200,48,15600,4,0,0,0,0,13400,74,13200,48,12000,2,11000,3,8000,10,116,278,5930,120740,184100
2026-03-13 12:07,snapshot,B1164089,120524,13600,24,972233,45.8809,0.0013,201.9903,222.8696,57.2274,1727,2879,13800,64,14200,48,15600,4,0,0,0,0,13400,74,13200,48,12000,2,11000,3,8000,10,116,278,5930,120741,184100
2026-03-13 12:07,snapshot,B1164089,120524,13600,24,972233,45.8809,0.0013,201.9903,222.8696,57.2274,1727,2879,13800,64,14200,48,15600,4,0,0,0,0,13400,74,13200,48,12000,2,11000,3,8000,10,116,278,5930,120742,184100
2026-03-13 12:07,snapshot,B1164089,120524,13600,24,972233,45.8809,0.0013,201.9903,222.8696,57.2274,1727,2879,13800,64,14200,48,15600,4,0,0,0,0,13400,74,13200,48,12000,2,11000,3,8000,10,116,278,5930,120743,184200
2026-03-13 12:07,snapshot,B1164089,120524,13600,24,972233,45.8809,0.0013,201.9903,222.8696,57.2274,1727,2879,13800,64,14200,48,15600,4,0,0,0,0,13400,74,13200,48,12000,2,11000,3,8000,10,116,278,5930,120744,184200
2026-03-13 12:07,snapshot,B1164089,120524,13600,24,972233,45.8809,0.0013,201.9903,222.8696,57.2274,1727,2879,13800,64,14200,48,15600,4,0,0,0,0,13400,74,13200,48,12000,2,11000,3,8000,10,116,278,5930,120745,184200
2026-03-13 12:07,snapshot,B1164089,120524,13600,24,972233,45.8809,0.0013,201.9903,222.8696,57.2274,1727,2879,13800,16,14200,48,15600,4,0,0,0,0,13400,74,13200,48,12000,2,11000,3,8000,10,68,278,5930,120746,184300
2026-03-13 12:07,snapshot,B1164089,120524,13600,24,972233,45.8809,0.0013,201.9903,222.8696,57.2274,1727,2879,13800,16,14200,48,15600,4,0,0,0,0,13400,74,13200,48,12000,2,11000,3,8000,10,68,278,5930,120747,184250
2026-03-13 12:07,snapshot,B1164089,120524,13600,24,972233,45.8809,0.0013,201.9903,222.8696,57.2274,1727,2879,13800,16,14200,48,15600,4,0,0,0,0,13400,74,13200,48,12000,2,11000,3,8000,10,68,278,5930,120748,184100
2026-03-13 12:07,snapshot,B1164089,120524,13600,24,972233,45.8809,0.0013,201.9903,222.8696,57.2274,1727,2879,13800,16,14200,48,15600,4,0,0,0,0,13400,74,13200,48,12000,2,11000,3,8000,10,68,278,5930,120749,184100
2026-03-13 12:07,snapshot,B1164089,120524,13600,24,972233,45.8809,0.0013,201.9903,222.8696,57.2274,1727,2879,13800,16,14200,48,15600,4,0,0,0,0,13400,74,13200,48,12000,2,11000,3,8000,10,68,278,5930,120750,184200
2026-03-13 12:07,snapshot,B1164089,120524,13600,24,972233,45.8809,0.0013,201.9903,222.8696,57.2274,1727,2879,13800,16,14200,48,15600,4,0,0,0,0,13400,74,13200,48,12000,2,11000,3,8000,10,68,278,5930,120751,184100
2026-03-13 12:07,snapshot,B1164089,120524,13600,24,972233,45.8809,0.0013,201.9903,222.8696,57.2274,1727,2879,13800,16,14200,48,15600,4,0,0,0,0,13400,74,13200,48,12000,2,11000,3,8000,10,68,278,5930,120752,184200
2026-03-13 12:07,snapshot,B1164089,120524,13600,24,972233,45.8809,0.0013,201.9903,222.8696,57.2274,1727,2879,13800,16,14200,48,15600,4,0,0,0,0,13400,74,13200,48,12000,2,11000,3,8000,10,68,278,5930,120753,184200
2026-03-13 12:07,snapshot,B1164089,120524,13600,24,972233,45.8809,0.0013,201.9903,222.8696,57.2274,1727,2879,13800,16,14200,48,15600,4,0,0,0,0,13400,74,13200,48,12000,2,11000,3,8000,10,68,278,5930,120754,184100
2026-03-13 12:07,snapshot,B1164089,120524,13600,24,972233,45.8809,0.0013,201.9903,222.8696,57.2274,1727,2879,13800,16,14200,48,15600,4,0,0,0,0,13400,74,13200,48,12000,2,11000,3,8000,10,68,278,5930,120755,184200
2026-03-13 12:07,snapshot,B1164089,120524,13600,24,972233,45.8809,0.0013,201.9903,222.8696,57.2274,1727,2879,13800,16,14200,48,15600,4,0,0,0,0,13400,74,13200,48,12000,2,11000,3,8000,10,68,278,5930,120756,184200
2026-03-13 12:07,snapshot,B1164089,120524,13600,24,972233,45.8809,0.0013,201.9903,222.8696,57.2274,1727,2879,13800,16,14200,48,15600,4,0,0,0,0,13400,74,13200,48,12000,2,11000,3,8000,10,68,278,5930,120757,184200
2026-03-13 12:07,snapshot,B1164089,120524,13600,24,972233,45.8809,0.0013,201.9903,222.8696,57.2274,1727,2879,13800,16,14200,48,15600,4,0,0,0,0,13400,74,13200,48,12000,2,11000,3,8000,10,68,278,5930,120758,184200
2026-03-13 12:07,snapshot,B1164089,120524,13600,24,972233,45.8809,0.0013,201.9903,222.8696,57.2274,1727,2879,13800,16,14200,48,15600,4,0,0,0,0,13400,74,13200,48,12000,2,11000,3,8000,10,68,278,5930,120800,184300
2026-03-13 12:08,snapshot,B1164089,120524,13600,24,972233,45.8809,0.0013,201.9903,222.8696,57.2274,1727,2879,13800,16,14200,48,15600,4,0,0,0,0,13400,74,13200,48,12000,2,11000,3,8000,10,68,278,5930,120800,184200
2026-03-13 12:08,snapshot,B1164089,120524,13600,24,972233,45.8809,0.0013,201.9903,222.8696,57.2274,1727,2879,13800,16,14200,48,15600,4,0,0,0,0,13400,74,13200,48,12000,2,11000,3,8000,10,68,278,5930,120801,184300
2026-03-13 12:08,snapshot,B1164089,120524,13600,24,972233,45.8809,0.0013,201.9903,222.8696,57.2274,1727,2879,13800,16,14200,48,15600,4,0,0,0,0,13400,74,13200,48,12000,2,11000,3,8000,10,68,278,5930,120802,184200
2026-03-13 12:08,snapshot,B1164089,120524,13600,24,972233,45.8809,0.0013,201.9903,222.8696,57.2274,1727,2879,13800,16,14000,48,14200,48,15600,4,0,0,13400,74,13200,48,12000,2,11000,3,8000,10,116,278,5930,120803,184450
2026-03-13 12:08,snapshot,B1164089,120524,13600,24,972233,45.8809,0.0013,201.9903,222.8696,57.2274,1727,2879,13800,16,14000,48,14200,48,15600,4,0,0,13400,74,13200,48,12000,2,11000,3,8000,10,116,278,5930,120804,184400
2026-03-13 12:08,snapshot,B1164089,120524,13600,24,972233,45.8809,0.0013,201.9903,222.8696,57.2274,1727,2879,13800,16,14000,48,14200,48,15600,4,0,0,13400,74,13200,48,12000,2,11000,3,8000,10,116,278,5930,120805,184400
2026-03-13 12:08,snapshot,B1164089,120524,13600,24,972233,45.8809,0.0013,201.9903,222.8696,57.2274,1727,2879,13800,16,14000,48,14200,48,15600,4,0,0,13400,74,13200,48,12000,2,11000,3,8000,10,116,278,5930,120806,184350
2026-03-13 12:08,snapshot,B1164089,120524,13600,24,972233,45.8809,0.0013,201.9903,222.8696,57.2274,1727,2879,13800,16,14000,48,14200,48,15600,4,0,0,13400,74,13200,48,12000,2,11000,3,8000,10,116,278,5930,120807,184350
2026-03-13 12:08,snapshot,B1164089,120524,13600,24,972233,45.8809,0.0013,201.9903,222.8696,57.2274,1727,2879,13800,16,14000,48,14200,48,15600,4,0,0,13400,74,13200,48,12000,2,11000,3,8000,10,116,278,5930,120808,184300
2026-03-13 12:08,snapshot,B1164089,120524,13600,24,972233,45.8809,0.0013,201.9903,222.8696,57.2274,1727,2879,13800,16,14000,48,14200,48,15600,4,0,0,13400,74,13200,48,12000,2,11000,3,8000,10,116,278,5930,120808,184300
2026-03-13 12:08,snapshot,B1164089,120524,13600,24,972233,45.8809,0.0013,201.9903,222.8696,57.2274,1727,2879,13800,16,14000,48,14200,48,15600,4,0,0,13400,74,13200,48,12000,2,11000,3,8000,10,116,278,5930,120810,184400
2026-03-13 12:08,snapshot,B1164089,120524,13600,24,972233,45.8809,0.0013,201.9903,222.8696,57.2274,1727,2879,13800,16,14000,48,14200,48,15600,4,0,0,13400,74,13200,48,12000,2,11000,3,8000,10,116,278,5930,120811,184400
2026-03-13 12:08,snapshot,B1164089,120524,13600,24,972233,45.8809,0.0013,201.9903,222.8696,57.2274,1727,2879,14000,64,14200,48,15600,4,0,0,0,0,13600,11,13400,63,13200,48,12000,2,11000,3,116,278,5930,120812,184400
2026-03-13 12:08,snapshot,B1164089,120524,13600,24,972233,45.8809,0.0013,201.9903,222.8696,57.2274,1727,2879,14000,64,14200,48,15600,4,0,0,0,0,13600,26,13400,48,13200,48,12000,2,11000,3,116,278,5930,120813,184400
2026-03-13 12:08,snapshot,B1164089,120524,13600,24,972233,45.8809,0.0013,201.9903,222.8696,57.2274,1727,2879,14000,64,14200,48,15600,4,0,0,0,0,13600,26,13400,48,13200,48,12000,2,11000,3,116,278,5930,120814,184400
2026-03-13 12:08,snapshot,B1164089,120524,13600,24,972233,45.8809,0.0013,201.9903,222.8696,57.2274,1727,2879,14000,64,14200,48,15600,4,0,0,0,0,13600,26,13400,48,13200,48,12000,2,11000,3,116,278,5930,120815,184500
2026-03-13 12:08,snapshot,B1164089,120524,13600,24,972233,45.8809,0.0013,201.9903,222.8696,57.2274,1727,2879,14000,64,14200,48,15600,4,0,0,0,0,13600,26,13400,48,13200,48,12000,2,11000,3,116,278,5930,120816,184500
2026-03-13 12:08,snapshot,B1164089,120524,13600,24,972233,45.8809,0.0013,201.9903,222.8696,57.2274,1727,2879,14000,64,14200,48,15600,4,0,0,0,0,13600,26,13400,48,13200,48,12000,2,11000,3,116,278,5930,120817,184500
2026-03-13 12:08,snapshot,B1164089,120524,13600,24,972233,45.8809,0.0013,201.9903,222.8696,57.2274,1727,2879,14000,64,14200,48,15600,4,0,0,0,0,13600,26,13400,48,13200,48,12000,2,11000,3,116,278,5930,120818,184400
2026-03-13 12:08,snapshot,B1164089,120524,13600,24,972233,45.8809,0.0013,201.9903,222.8696,57.2274,1727,2879,14000,64,14200,48,15600,4,0,0,0,0,13600,26,13400,48,13200,48,12000,2,11000,3,116,278,5930,120819,184500
2026-03-13 12:08,snapshot,B1164089,120524,13600,24,972233,45.8809,0.0013,201.9903,222.8696,57.2274,1727,2879,14000,64,14200,48,15600,4,0,0,0,0,13600,26,13400,48,13200,48,12000,2,11000,3,116,278,5930,120820,184500
2026-03-13 12:08,snapshot,B1164089,120524,13600,24,972233,45.8809,0.0013,201.9903,222.8696,57.2274,1727,2879,14000,64,14200,48,15600,4,0,0,0,0,13600,26,13400,48,13200,48,12000,2,11000,3,116,278,5930,120821,184400
2026-03-13 12:08,snapshot,B1164089,120524,13600,24,972233,45.8809,0.0013,201.9903,222.8696,57.2274,1727,2879,14000,64,14200,48,15600,4,0,0,0,0,13600,26,13400,48,13200,48,12000,2,11000,3,116,278,5930,120821,184400
2026-03-13 12:08,snapshot,B1164089,120524,13600,24,972233,45.8809,0.0013,201.9903,222.8696,57.2274,1727,2879,14000,64,14200,48,15600,4,0,0,0,0,13600,26,13400,48,13200,48,12000,2,11000,3,116,278,5930,120823,184500
2026-03-13 12:08,snapshot,B1164089,120524,13600,24,972233,45.8809,0.0013,201.9903,222.8696,57.2274,1727,2879,14000,64,14200,48,15600,4,0,0,0,0,13600,26,13400,48,13200,48,12000,2,11000,3,116,278,5930,120824,184500
2026-03-13 12:08,snapshot,B1164089,120825,13800,1,988371,46.3334,0.0013,202.6006,223.5875,57.866,1741,2893,14000,64,14200,48,15600,4,0,0,0,0,13600,26,13400,48,13200,48,12000,2,11000,3,116,278,5930,120825,184500
2026-03-13 12:08,snapshot,B1164089,120825,13800,1,988371,46.3334,0.0013,202.6006,223.5875,57.866,1741,2893,14000,64,14200,48,15600,4,0,0,0,0,13600,26,13400,48,13200,48,12000,2,11000,3,116,278,5930,120826,184500
2026-03-13 12:08,snapshot,B1164089,120825,13800,1,988371,46.3334,0.0013,202.6006,223.5875,57.866,1741,2893,14000,64,14200,48,15600,4,0,0,0,0,13600,26,13400,48,13200,48,12000,2,11000,3,116,278,5930,120827,184400
2026-03-13 12:08,snapshot,B1164089,120825,13800,1,988371,46.3334,0.0013,202.6006,223.5875,57.866,1741,2893,14000,64,14200,48,15600,4,0,0,0,0,13600,26,13400,48,13200,48,12000,2,11000,3,116,278,5930,120828,184400
2026-03-13 12:08,snapshot,B1164089,120825,13800,1,988371,46.3334,0.0013,202.6006,223.5875,57.866,1741,2893,14000,64,14200,48,15600,4,0,0,0,0,13600,26,13400,48,13200,48,12000,2,11000,3,116,278,5930,120828,184400
2026-03-13 12:08,snapshot,B1164089,120825,13800,1,988371,46.3334,0.0013,202.6006,223.5875,57.866,1741,2893,13800,16,14000,48,14200,48,15600,4,0,0,13400,74,13200,48,12000,2,11000,3,8000,10,116,278,5930,120830,184500
2026-03-13 12:08,snapshot,B1164089,120825,13800,1,988371,46.3334,0.0013,202.6006,223.5875,57.866,1741,2893,14000,64,14200,48,15600,4,0,0,0,0,13600,26,13400,48,13200,48,12000,2,11000,3,116,278,5930,120831,184500
2026-03-13 12:08,snapshot,B1164089,120825,13800,1,988371,46.3334,0.0013,202.6006,223.5875,57.866,1741,2893,14000,64,14200,48,15600,4,0,0,0,0,13600,26,13400,48,13200,48,12000,2,11000,3,116,278,5930,120832,184500
2026-03-13 12:08,snapshot,B1164089,120825,13800,1,988371,46.3334,0.0013,202.6006,223.5875,57.866,1741,2893,14000,64,14200,48,15600,4,0,0,0,0,13600,26,13400,48,13200,48,12000,2,11000,3,116,278,5930,120833,184500
2026-03-13 12:08,snapshot,B1164089,120825,13800,1,988371,46.3334,0.0013,202.6006,223.5875,57.866,1741,2893,14000,64,14200,48,15600,4,0,0,0,0,13600,26,13400,48,13200,48,12000,2,11000,3,116,278,5930,120834,184500
2026-03-13 12:08,snapshot,B1164089,120825,13800,1,988371,46.3334,0.0013,202.6006,223.5875,57.866,1741,2893,14000,64,14200,48,15600,4,0,0,0,0,13600,26,13400,48,13200,48,12000,2,11000,3,116,278,5930,120834,184500
2026-03-13 12:08,snapshot,B1164089,120825,13800,1,988371,46.3334,0.0013,202.6006,223.5875,57.866,1741,2893,14000,64,14200,48,15600,4,0,0,0,0,13600,26,13400,48,13200,48,12000,2,11000,3,116,278,5930,120836,184500
2026-03-13 12:08,snapshot,B1164089,120825,13800,1,988371,46.3334,0.0013,202.6006,223.5875,57.866,1741,2893,14000,64,14200,48,15600,4,0,0,0,0,13600,74,13400,48,12000,2,11000,3,8000,10,116,278,5930,120837,184500
2026-03-13 12:08,snapshot,B1164089,120825,13800,1,988371,46.3334,0.0013,202.6006,223.5875,57.866,1741,2893,14000,64,14200,48,15600,4,0,0,0,0,13600,74,13400,48,12000,2,11000,3,8000,10,116,278,5930,120837,184500
2026-03-13 12:08,snapshot,B1164089,120825,13800,1,988371,46.3334,0.0013,202.6006,223.5875,57.866,1741,2893,14000,64,14200,48,15600,4,0,0,0,0,13600,74,13400,48,12000,2,11000,3,8000,10,116,278,5930,120839,184600
2026-03-13 12:08,snapshot,B1164089,120825,13800,1,988371,46.3334,0.0013,202.6006,223.5875,57.866,1741,2893,14000,64,14200,48,15600,4,0,0,0,0,13600,74,13400,48,12000,2,11000,3,8000,10,116,278,5930,120840,184600
2026-03-13 12:08,snapshot,B1164089,120825,13800,1,988371,46.3334,0.0013,202.6006,223.5875,57.866,1741,2893,14000,64,14200,48,15600,4,0,0,0,0,13600,74,13400,48,12000,2,11000,3,8000,10,116,278,5930,120840,184600
2026-03-13 12:08,snapshot,B1164089,120825,13800,1,988371,46.3334,0.0013,202.6006,223.5875,57.866,1741,2893,14000,64,14200,48,15600,4,0,0,0,0,13600,74,13400,48,12000,2,11000,3,8000,10,116,278,5930,120842,184500
2026-03-13 12:08,snapshot,B1164089,120825,13800,1,988371,46.3334,0.0013,202.6006,223.5875,57.866,1741,2893,14000,64,14200,48,15600,4,0,0,0,0,13600,74,13400,48,12000,2,11000,3,8000,10,116,278,5930,120843,184600
2026-03-13 12:08,snapshot,B1164089,120825,13800,1,988371,46.3334,0.0013,202.6006,223.5875,57.866,1741,2893,14000,64,14200,48,15600,4,0,0,0,0,13600,74,13400,48,12000,2,11000,3,8000,10,116,278,5930,120844,184600
2026-03-13 12:08,snapshot,B1164089,120825,13800,1,988371,46.3334,0.0013,202.6006,223.5875,57.866,1741,2893,14000,64,14200,48,15600,4,0,0,0,0,13600,74,13400,48,12000,2,11000,3,8000,10,116,278,5930,120845,184500
2026-03-13 12:08,snapshot,B1164089,120825,13800,1,988371,46.3334,0.0013,202.6006,223.5875,57.866,1741,2893,14000,64,14200,48,15600,4,0,0,0,0,13600,74,13400,48,12000,2,11000,3,8000,10,116,278,5930,120847,184550
2026-03-13 12:08,snapshot,B1164089,120825,13800,1,988371,46.3334,0.0013,202.6006,223.5875,57.866,1741,2893,14000,64,14200,48,15600,4,0,0,0,0,13600,74,13400,48,12000,2,11000,3,8000,10,116,278,5930,120847,184550
2026-03-13 12:08,snapshot,B1164089,120825,13800,1,988371,46.3334,0.0013,202.6006,223.5875,57.866,1741,2893,14000,64,14200,48,15600,4,0,0,0,0,13600,74,13400,48,12000,2,11000,3,8000,10,116,278,5930,120849,184500
2026-03-13 12:08,snapshot,B1164089,120825,13800,1,988371,46.3334,0.0013,202.6006,223.5875,57.866,1741,2893,14000,64,14200,48,15600,4,0,0,0,0,13600,74,13400,48,12000,2,11000,3,8000,10,116,278,5930,120849,184500
2026-03-13 12:08,snapshot,B1164089,120825,13800,1,988371,46.3334,0.0013,202.6006,223.5875,57.866,1741,2893,14000,64,14200,48,15600,4,0,0,0,0,13600,74,13400,48,12000,2,11000,3,8000,10,116,278,5930,120850,184500
2026-03-13 12:08,snapshot,B1164089,120825,13800,1,988371,46.3334,0.0013,202.6006,223.5875,57.866,1741,2893,14000,64,14200,48,15600,4,0,0,0,0,13600,74,13400,48,12000,2,11000,3,8000,10,116,278,5930,120851,184600
2026-03-13 12:08,snapshot,B1164089,120825,13800,1,988371,46.3334,0.0013,202.6006,223.5875,57.866,1741,2893,14000,64,14200,48,15600,4,0,0,0,0,13600,74,13400,48,12000,2,11000,3,8000,10,116,278,5930,120853,184600
2026-03-13 12:08,snapshot,B1164089,120825,13800,1,988371,46.3334,0.0013,202.6006,223.5875,57.866,1741,2893,14000,64,14200,48,15600,4,0,0,0,0,13600,74,13400,48,12000,2,11000,3,8000,10,116,278,5930,120853,184600
2026-03-13 12:08,snapshot,B1164089,120825,13800,1,988371,46.3334,0.0013,202.6006,223.5875,57.866,1741,2893,14000,64,14200,48,15600,4,0,0,0,0,13600,74,13400,48,12000,2,11000,3,8000,10,116,278,5930,120854,184600
2026-03-13 12:08,snapshot,B1164089,120825,13800,1,988371,46.3334,0.0013,202.6006,223.5875,57.866,1741,2893,14000,64,14200,48,15600,4,0,0,0,0,13600,74,13400,48,12000,2,11000,3,8000,10,116,278,5930,120855,184500
2026-03-13 12:08,snapshot,B1164089,120825,13800,1,988371,46.3334,0.0013,202.6006,223.5875,57.866,1741,2893,14000,64,14200,48,15600,4,0,0,0,0,13600,74,13400,48,12000,2,11000,3,8000,10,116,278,5930,120856,184600
2026-03-13 12:08,snapshot,B1164089,120825,13800,1,988371,46.3334,0.0013,202.6006,223.5875,57.866,1741,2893,14000,64,14200,48,15600,4,0,0,0,0,13600,74,13400,48,12000,2,11000,3,8000,10,116,278,5930,120857,184600
2026-03-13 12:08,snapshot,B1164089,120825,13800,1,988371,46.3334,0.0013,202.6006,223.5875,57.866,1741,2893,14000,64,14200,48,15600,4,0,0,0,0,13600,74,13400,48,12000,2,11000,3,8000,10,116,278,5930,120858,184600
2026-03-13 12:08,snapshot,B1164089,120825,13800,1,988371,46.3334,0.0013,202.6006,223.5875,57.866,1741,2893,14000,64,14200,48,15600,4,0,0,0,0,13600,74,13400,48,12000,2,11000,3,8000,10,116,278,5930,120900,184600
2026-03-13 12:09,snapshot,B1164089,120825,13800,1,988371,46.3334,0.0013,202.6006,223.5875,57.866,1741,2893,14000,64,14200,48,15600,4,0,0,0,0,13600,74,13400,48,12000,2,11000,3,8000,10,116,278,5930,120900,184500
2026-03-13 12:09,snapshot,B1164089,120825,13800,1,988371,46.3334,0.0013,202.6006,223.5875,57.866,1741,2893,14000,64,14200,48,15600,4,0,0,0,0,13600,74,13400,48,12000,2,11000,3,8000,10,116,278,5930,120901,184600
2026-03-13 12:09,snapshot,B1164089,120825,13800,1,988371,46.3334,0.0013,202.6006,223.5875,57.866,1741,2893,14000,64,14200,48,15600,4,0,0,0,0,13600,26,13400,48,12000,2,11000,3,8000,10,116,230,5930,120902,184500
2026-03-13 12:09,snapshot,B1164089,120825,13800,1,988371,46.3334,0.0013,202.6006,223.5875,57.866,1741,2893,14000,64,14200,48,15600,4,0,0,0,0,13600,26,13400,48,12000,2,11000,3,8000,10,116,230,5930,120903,184500
2026-03-13 12:09,snapshot,B1164089,120825,13800,1,988371,46.3334,0.0013,202.6006,223.5875,57.866,1741,2893,13800,11,14000,53,14200,48,15600,4,0,0,13400,74,12000,2,11000,3,8000,10,300,1,116,230,5930,120904,184500
2026-03-13 12:09,snapshot,B1164089,120825,13800,1,988371,46.3334,0.0013,202.6006,223.5875,57.866,1741,2893,14000,64,14200,48,15600,4,0,0,0,0,13600,11,13400,63,12000,2,11000,3,8000,10,116,230,5930,120905,184600
2026-03-13 12:09,snapshot,B1164089,120825,13800,1,988371,46.3334,0.0013,202.6006,223.5875,57.866,1741,2893,14000,64,14200,48,15600,4,0,0,0,0,13600,26,13400,48,12000,2,11000,3,8000,10,116,230,5930,120905,184600
2026-03-13 12:09,snapshot,B1164089,120825,13800,1,988371,46.3334,0.0013,202.6006,223.5875,57.866,1741,2893,14000,64,14200,48,15600,4,0,0,0,0,13600,26,13400,48,12000,2,11000,3,8000,10,116,230,5930,120907,184600
2026-03-13 12:09,snapshot,B1164089,120825,13800,1,988371,46.3334,0.0013,202.6006,223.5875,57.866,1741,2893,13800,16,14000,48,14200,48,15600,4,0,0,13400,74,12000,2,11000,3,8000,10,300,1,116,230,5930,120908,184500
2026-03-13 12:09,snapshot,B1164089,120825,13800,1,988371,46.3334,0.0013,202.6006,223.5875,57.866,1741,2893,13800,16,14000,48,14200,48,15600,4,0,0,13400,74,12000,2,11000,3,8000,10,300,1,116,230,5930,120909,184500
2026-03-13 12:09,snapshot,B1164089,120825,13800,1,988371,46.3334,0.0013,202.6006,223.5875,57.866,1741,2893,13800,16,14000,48,14200,48,15600,4,0,0,13400,74,12000,2,11000,3,8000,10,300,1,116,230,5930,120910,184500
2026-03-13 12:09,snapshot,B1164089,120825,13800,1,988371,46.3334,0.0013,202.6006,223.5875,57.866,1741,2893,13800,16,14000,48,14200,48,15600,4,0,0,13400,74,12000,2,11000,3,8000,10,300,1,116,230,5930,120911,184600
2026-03-13 12:09,snapshot,B1164089,120825,13800,1,988371,46.3334,0.0013,202.6006,223.5875,57.866,1741,2893,13800,16,14000,48,14200,48,15600,4,0,0,13400,74,12000,2,11000,3,8000,10,300,1,116,230,5930,120912,184500
2026-03-13 12:09,snapshot,B1164089,120825,13800,1,988371,46.3334,0.0013,202.6006,223.5875,57.866,1741,2893,13800,16,14000,48,14200,48,15600,4,0,0,13400,74,12000,2,11000,3,8000,10,300,1,116,230,5930,120914,184500
2026-03-13 12:09,snapshot,B1164089,120825,13800,1,988371,46.3334,0.0013,202.6006,223.5875,57.866,1741,2893,13800,16,14000,48,14200,48,15600,4,0,0,13400,74,12000,2,11000,3,8000,10,300,1,116,230,5930,120914,184500
2026-03-13 12:09,snapshot,B1164089,120825,13800,1,988371,46.3334,0.0013,202.6006,223.5875,57.866,1741,2893,13800,16,14000,48,14200,48,15600,4,0,0,13400,74,12000,2,11000,3,8000,10,300,1,116,230,5930,120916,184500
2026-03-13 12:09,snapshot,B1164089,120825,13800,1,988371,46.3334,0.0013,202.6006,223.5875,57.866,1741,2893,13800,16,14000,48,14200,48,15600,4,0,0,13400,74,12000,2,11000,3,8000,10,300,1,116,230,5930,120916,184400
2026-03-13 12:09,snapshot,B1164089,120825,13800,1,988371,46.3334,0.0013,202.6006,223.5875,57.866,1741,2893,13800,16,14000,48,14200,48,15600,4,0,0,13400,74,12000,2,11000,3,8000,10,300,1,116,230,5930,120917,184500
2026-03-13 12:09,snapshot,B1164089,120825,13800,1,988371,46.3334,0.0013,202.6006,223.5875,57.866,1741,2893,13800,16,14000,48,14200,48,15600,4,0,0,13400,74,12000,2,11000,3,8000,10,300,1,116,230,5930,120918,184500
2026-03-13 12:09,snapshot,B1164089,120825,13800,1,988371,46.3334,0.0013,202.6006,223.5875,57.866,1741,2893,13800,16,14000,48,14200,48,15600,4,0,0,13400,74,12000,2,11000,3,8000,10,300,1,116,230,5930,120920,184500
2026-03-13 12:09,snapshot,B1164089,120825,13800,1,988371,46.3334,0.0013,202.6006,223.5875,57.866,1741,2893,13800,16,14000,48,14200,48,15600,4,0,0,13400,74,12000,2,11000,3,8000,10,300,1,116,230,5930,120920,184500
2026-03-13 12:09,snapshot,B1164089,120825,13800,1,988371,46.3334,0.0013,202.6006,223.5875,57.866,1741,2893,13800,16,14000,48,14200,48,15600,4,0,0,13400,74,12000,2,11000,3,8000,10,300,1,116,230,5930,120921,184500
2026-03-13 12:09,snapshot,B1164089,120825,13800,1,988371,46.3334,0.0013,202.6006,223.5875,57.866,1741,2893,14000,64,14200,48,15600,4,0,0,0,0,13600,26,13400,48,12000,2,11000,3,8000,10,116,230,5930,120923,184500
2026-03-13 12:09,snapshot,B1164089,120825,13800,1,988371,46.3334,0.0013,202.6006,223.5875,57.866,1741,2893,14000,64,14200,48,15600,4,0,0,0,0,13600,26,13400,48,12000,2,11000,3,8000,10,116,230,5930,120923,184500
2026-03-13 12:09,snapshot,B1164089,120825,13800,1,988371,46.3334,0.0013,202.6006,223.5875,57.866,1741,2893,14000,64,14200,48,15600,4,0,0,0,0,13600,26,13400,48,12000,2,11000,3,8000,10,116,230,5930,120924,184500
2026-03-13 12:09,snapshot,B1164089,120825,13800,1,988371,46.3334,0.0013,202.6006,223.5875,57.866,1741,2893,14000,64,14200,48,15600,4,0,0,0,0,13600,26,13400,48,12000,2,11000,3,8000,10,116,230,5930,120925,184500
2026-03-13 12:09,snapshot,B1164089,120825,13800,1,988371,46.3334,0.0013,202.6006,223.5875,57.866,1741,2893,14000,64,14200,48,15600,4,0,0,0,0,13600,26,13400,48,12000,2,11000,3,8000,10,116,230,5930,120926,184500
2026-03-13 12:09,snapshot,B1164089,120825,13800,1,988371,46.3334,0.0013,202.6006,223.5875,57.866,1741,2893,14000,64,14200,48,15600,4,0,0,0,0,13600,26,13400,48,12000,2,11000,3,8000,10,116,230,5930,120927,184500
2026-03-13 12:09,snapshot,B1164089,120825,13800,1,988371,46.3334,0.0013,202.6006,223.5875,57.866,1741,2893,14000,64,14200,48,15600,4,0,0,0,0,13600,26,13400,48,12000,2,11000,3,8000,10,116,230,5930,120928,184500
2026-03-13 12:09,snapshot,B1164089,120825,13800,1,988371,46.3334,0.0013,202.6006,223.5875,57.866,1741,2893,13800,16,14000,48,14200,48,15600,4,0,0,13400,74,12000,2,11000,3,8000,10,300,1,116,230,5930,120929,184500
2026-03-13 12:09,snapshot,B1164089,120825,13800,1,988371,46.3334,0.0013,202.6006,223.5875,57.866,1741,2893,14000,64,14200,48,15600,4,0,0,0,0,13600,26,13400,48,12000,2,11000,3,8000,10,116,230,5930,120930,184500
2026-03-13 12:09,snapshot,B1164089,120825,13800,1,988371,46.3334,0.0013,202.6006,223.5875,57.866,1741,2893,14000,64,14200,48,15600,4,0,0,0,0,13600,26,13400,48,12000,2,11000,3,8000,10,116,230,5930,120931,184500
2026-03-13 12:09,snapshot,B1164089,120825,13800,1,988371,46.3334,0.0013,202.6006,223.5875,57.866,1741,2893,14000,64,14200,48,15600,4,0,0,0,0,13600,26,13400,48,12000,2,11000,3,8000,10,116,230,5930,120932,184500
2026-03-13 12:09,snapshot,B1164089,120825,13800,1,988371,46.3334,0.0013,202.6006,223.5875,57.866,1741,2893,14000,64,14200,48,15600,4,0,0,0,0,13600,26,13400,48,12000,2,11000,3,8000,10,116,230,5930,120934,184500
2026-03-13 12:09,snapshot,B1164089,120825,13800,1,988371,46.3334,0.0013,202.6006,223.5875,57.866,1741,2893,14000,64,14200,48,15600,4,0,0,0,0,13600,26,13400,48,12000,2,11000,3,8000,10,116,230,5930,120934,184400
2026-03-13 12:09,snapshot,B1164089,120825,13800,1,988371,46.3334,0.0013,202.6006,223.5875,57.866,1741,2893,14000,64,14200,48,15600,4,0,0,0,0,13600,26,13400,48,12000,2,11000,3,8000,10,116,230,5930,120935,184400
2026-03-13 12:09,snapshot,B1164089,120825,13800,1,988371,46.3334,0.0013,202.6006,223.5875,57.866,1741,2893,14000,64,14200,48,15600,4,0,0,0,0,13600,26,13400,48,12000,2,11000,3,8000,10,116,230,5930,120936,184500
2026-03-13 12:09,snapshot,B1164089,120825,13800,1,988371,46.3334,0.0013,202.6006,223.5875,57.866,1741,2893,14000,64,14200,48,15600,4,0,0,0,0,13600,26,13400,48,12000,2,11000,3,8000,10,116,230,5930,120937,184500
2026-03-13 12:09,snapshot,B1164089,120825,13800,1,988371,46.3334,0.0013,202.6006,223.5875,57.866,1741,2893,14000,64,14200,48,15600,4,0,0,0,0,13600,26,13400,48,12000,2,11000,3,8000,10,116,230,5930,120938,184400
2026-03-13 12:09,snapshot,B1164089,120825,13800,1,988371,46.3334,0.0013,202.6006,223.5875,57.866,1741,2893,14000,64,14200,48,15600,4,0,0,0,0,13600,26,13400,48,12000,2,11000,3,8000,10,116,230,5930,120939,184500
2026-03-13 12:09,snapshot,B1164089,120825,13800,1,988371,46.3334,0.0013,202.6006,223.5875,57.866,1741,2893,14000,64,14200,48,15600,4,0,0,0,0,13600,26,13400,48,12000,2,11000,3,8000,10,116,230,5930,120940,184500
2026-03-13 12:09,snapshot,B1164089,120825,13800,1,988371,46.3334,0.0013,202.6006,223.5875,57.866,1741,2893,14000,64,14200,48,15600,4,0,0,0,0,13600,26,13400,48,12000,2,11000,3,8000,10,116,230,5930,120941,184500
2026-03-13 12:09,snapshot,B1164089,120825,13800,1,988371,46.3334,0.0013,202.6006,223.5875,57.866,1741,2893,14000,64,14200,48,15600,4,0,0,0,0,13600,26,13400,48,12000,2,11000,3,8000,10,116,230,5930,120942,184600
2026-03-13 12:09,snapshot,B1164089,120825,13800,1,988371,46.3334,0.0013,202.6006,223.5875,57.866,1741,2893,14000,64,14200,48,15600,4,0,0,0,0,13600,26,13400,48,12000,2,11000,3,8000,10,116,230,5930,120943,184500
2026-03-13 12:09,snapshot,B1164089,120825,13800,1,988371,46.3334,0.0013,202.6006,223.5875,57.866,1741,2893,14000,64,14200,48,15600,4,0,0,0,0,13600,26,13400,48,12000,2,11000,3,8000,10,116,230,5930,120944,184500
2026-03-13 12:09,snapshot,B1164089,120825,13800,1,988371,46.3334,0.0013,202.6006,223.5875,57.866,1741,2893,14000,64,14200,48,15600,4,0,0,0,0,13600,26,13400,48,12000,2,11000,3,8000,10,116,230,5930,120945,184600
2026-03-13 12:09,snapshot,B1164089,120825,13800,1,988371,46.3334,0.0013,202.6006,223.5875,57.866,1741,2893,14000,64,14200,48,15600,4,0,0,0,0,13600,26,13400,48,12000,2,11000,3,8000,10,116,230,5930,120946,184600
2026-03-13 12:09,snapshot,B1164089,120825,13800,1,988371,46.3334,0.0013,202.6006,223.5875,57.866,1741,2893,14000,64,14200,48,15600,4,0,0,0,0,13600,26,13400,48,12000,2,11000,3,8000,10,116,230,5930,120948,184600
2026-03-13 12:09,snapshot,B1164089,120825,13800,1,988371,46.3334,0.0013,202.6006,223.5875,57.866,1741,2893,14000,64,14200,48,15600,4,0,0,0,0,13600,26,13400,48,12000,2,11000,3,8000,10,116,230,5930,120948,184600
2026-03-13 12:09,snapshot,B1164089,120825,13800,1,988371,46.3334,0.0013,202.6006,223.5875,57.866,1741,2893,14000,16,14200,48,15600,4,0,0,0,0,13600,26,13400,48,12000,2,11000,3,8000,10,68,230,5930,120949,184600
2026-03-13 12:09,snapshot,B1164089,120825,13800,1,988371,46.3334,0.0013,202.6006,223.5875,57.866,1741,2893,14000,16,14200,48,15600,4,0,0,0,0,13600,26,13400,48,12000,2,11000,3,8000,10,68,230,5930,120951,184600
2026-03-13 12:09,snapshot,B1164089,120825,13800,1,988371,46.3334,0.0013,202.6006,223.5875,57.866,1741,2893,14000,16,14200,48,15600,4,0,0,0,0,13600,26,13400,48,12000,2,11000,3,8000,10,68,230,5930,120951,184600
2026-03-13 12:09,snapshot,B1164089,120825,13800,1,988371,46.3334,0.0013,202.6006,223.5875,57.866,1741,2893,14000,16,14200,48,15600,4,0,0,0,0,13600,26,13400,48,12000,2,11000,3,8000,10,68,230,5930,120951,184600
2026-03-13 12:09,snapshot,B1164089,120825,13800,1,988371,46.3334,0.0013,202.6006,223.5875,57.866,1741,2893,14000,16,14200,48,15600,4,0,0,0,0,13600,26,13400,48,12000,2,11000,3,8000,10,68,230,5930,120953,184600
2026-03-13 12:09,snapshot,B1164089,120825,13800,1,988371,46.3334,0.0013,202.6006,223.5875,57.866,1741,2893,14000,16,14200,48,15600,4,0,0,0,0,13600,26,13400,48,12000,2,11000,3,8000,10,68,230,5930,120954,184500
2026-03-13 12:09,snapshot,B1164089,120825,13800,1,988371,46.3334,0.0013,202.6006,223.5875,57.866,1741,2893,14000,16,14200,48,15600,4,0,0,0,0,13600,26,13400,48,12000,2,11000,3,8000,10,68,230,5930,120955,184600
2026-03-13 12:09,snapshot,B1164089,120825,13800,1,988371,46.3334,0.0013,202.6006,223.5875,57.866,1741,2893,14000,16,14200,48,15600,4,0,0,0,0,13600,26,13400,48,12000,2,11000,3,8000,10,68,230,5930,120957,184600
2026-03-13 12:09,snapshot,B1164089,120825,13800,1,988371,46.3334,0.0013,202.6006,223.5875,57.866,1741,2893,14000,16,14200,48,15600,4,0,0,0,0,13600,26,13400,48,12000,2,11000,3,8000,10,68,230,5930,120957,184600
2026-03-13 12:09,snapshot,B1164089,120825,13800,1,988371,46.3334,0.0013,202.6006,223.5875,57.866,1741,2893,14000,16,14200,48,15600,4,0,0,0,0,13600,26,13400,48,12000,2,11000,3,8000,10,68,230,5930,120958,184500
2026-03-13 12:09,snapshot,B1164089,120825,13800,1,988371,46.3334,0.0013,202.6006,223.5875,57.866,1741,2893,14000,16,14200,48,15600,4,0,0,0,0,13600,26,13400,48,12000,2,11000,3,8000,10,68,230,5930,120959,184500
2026-03-13 12:10,snapshot,B1164089,120825,13800,1,988371,46.3334,0.0013,202.6006,223.5875,57.866,1741,2893,14000,16,14200,48,15600,4,0,0,0,0,13600,26,13400,48,12000,2,11000,3,8000,10,68,230,5930,121001,184500
2026-03-13 12:10,snapshot,B1164089,120825,13800,1,988371,46.3334,0.0013,202.6006,223.5875,57.866,1741,2893,14000,16,14200,48,15600,4,0,0,0,0,13600,26,13400,48,12000,2,11000,3,8000,10,68,230,5930,121002,184500
2026-03-13 12:10,snapshot,B1164089,120825,13800,1,988371,46.3334,0.0013,202.6006,223.5875,57.866,1741,2893,14000,16,14200,48,15600,4,0,0,0,0,13600,26,13400,48,12000,2,11000,3,8000,10,68,230,5930,121003,184500
2026-03-13 12:10,snapshot,B1164089,120825,13800,1,988371,46.3334,0.0013,202.6006,223.5875,57.866,1741,2893,14000,16,14200,48,15600,4,0,0,0,0,13600,26,13400,48,12000,2,11000,3,8000,10,68,230,5930,121004,184500
2026-03-13 12:10,snapshot,B1164089,120825,13800,1,988371,46.3334,0.0013,202.6006,223.5875,57.866,1741,2893,14000,16,14200,48,15600,4,0,0,0,0,13600,26,13400,48,12000,2,11000,3,8000,10,68,230,5930,121004,184600
2026-03-13 12:10,snapshot,B1164089,120825,13800,1,988371,46.3334,0.0013,202.6006,223.5875,57.866,1741,2893,14000,16,14200,48,15600,4,0,0,0,0,13600,26,13400,48,12000,2,11000,3,8000,10,68,230,5930,121005,184600
2026-03-13 12:10,snapshot,B1164089,120825,13800,1,988371,46.3334,0.0013,202.6006,223.5875,57.866,1741,2893,14000,16,14200,48,15600,4,0,0,0,0,13600,26,13400,48,12000,2,11000,3,8000,10,68,230,5930,121006,184600
2026-03-13 12:10,snapshot,B1164089,120825,13800,1,988371,46.3334,0.0013,202.6006,223.5875,57.866,1741,2893,14000,16,14200,48,15600,4,0,0,0,0,13600,26,13400,48,12000,2,11000,3,8000,10,68,230,5930,121007,184600
2026-03-13 12:10,snapshot,B1164089,120825,13800,1,988371,46.3334,0.0013,202.6006,223.5875,57.866,1741,2893,14000,16,14200,48,15600,4,0,0,0,0,13600,26,13400,48,12000,2,11000,3,8000,10,68,230,5930,121008,184500
2026-03-13 12:10,snapshot,B1164089,120825,13800,1,988371,46.3334,0.0013,202.6006,223.5875,57.866,1741,2893,14000,16,14200,48,15600,4,0,0,0,0,13600,26,13400,48,12000,2,11000,3,8000,10,68,230,5930,121009,184600
2026-03-13 12:10,snapshot,B1164089,120825,13800,1,988371,46.3334,0.0013,202.6006,223.5875,57.866,1741,2893,14000,16,14200,48,15600,4,0,0,0,0,13600,26,13400,48,12000,2,11000,3,8000,10,68,230,5930,121010,184500
2026-03-13 12:10,snapshot,B1164089,120825,13800,1,988371,46.3334,0.0013,202.6006,223.5875,57.866,1741,2893,14000,16,14200,48,15600,4,0,0,0,0,13600,26,13400,48,12000,2,11000,3,8000,10,68,230,5930,121011,184600
2026-03-13 12:10,snapshot,B1164089,120825,13800,1,988371,46.3334,0.0013,202.6006,223.5875,57.866,1741,2893,14000,16,14200,48,15600,4,0,0,0,0,13600,26,13400,48,12000,2,11000,3,8000,10,68,230,5930,121011,184600
2026-03-13 12:10,snapshot,B1164089,120825,13800,1,988371,46.3334,0.0013,202.6006,223.5875,57.866,1741,2893,14000,16,14200,48,15600,4,0,0,0,0,13600,26,13400,48,12000,2,11000,3,8000,10,68,230,5930,121013,184500
2026-03-13 12:10,snapshot,B1164089,120825,13800,1,988371,46.3334,0.0013,202.6006,223.5875,57.866,1741,2893,14000,16,14200,48,15600,4,0,0,0,0,13600,26,13400,48,12000,2,11000,3,8000,10,68,230,5930,121014,184500
2026-03-13 12:10,snapshot,B1164089,120825,13800,1,988371,46.3334,0.0013,202.6006,223.5875,57.866,1741,2893,14000,16,14200,48,15600,4,0,0,0,0,13600,26,13400,48,12000,2,11000,3,8000,10,68,230,5930,121015,184600
2026-03-13 12:10,snapshot,B1164089,120825,13800,1,988371,46.3334,0.0013,202.6006,223.5875,57.866,1741,2893,14000,16,14200,48,15600,4,0,0,0,0,13600,26,13400,48,12000,2,11000,3,8000,10,68,230,5930,121016,184600
2026-03-13 12:10,snapshot,B1164089,120825,13800,1,988371,46.3334,0.0013,202.6006,223.5875,57.866,1741,2893,14000,16,14200,48,15600,4,0,0,0,0,13600,26,13400,48,12000,2,11000,3,8000,10,68,230,5930,121017,184600
2026-03-13 12:10,snapshot,B1164089,120825,13800,1,988371,46.3334,0.0013,202.6006,223.5875,57.866,1741,2893,14000,16,14200,48,15600,4,0,0,0,0,13600,26,13400,48,12000,2,11000,3,8000,10,68,230,5930,121018,184600
2026-03-13 12:10,snapshot,B1164089,120825,13800,1,988371,46.3334,0.0013,202.6006,223.5875,57.866,1741,2893,14000,16,14200,48,15600,4,0,0,0,0,13600,26,13400,48,12000,2,11000,3,8000,10,68,230,5930,121018,184600
2026-03-13 12:10,snapshot,B1164089,120825,13800,1,988371,46.3334,0.0013,202.6006,223.5875,57.866,1741,2893,14000,16,14200,48,15600,4,0,0,0,0,13600,26,13400,48,12000,2,11000,3,8000,10,68,230,5930,121020,184500
2026-03-13 12:10,snapshot,B1164089,120825,13800,1,988371,46.3334,0.0013,202.6006,223.5875,57.866,1741,2893,14000,16,14200,48,15600,4,0,0,0,0,13600,26,13400,48,12000,2,11000,3,8000,10,68,230,5930,121021,184500
2026-03-13 12:10,snapshot,B1164089,120825,13800,1,988371,46.3334,0.0013,202.6006,223.5875,57.866,1741,2893,14000,16,14200,48,15600,4,0,0,0,0,13600,26,13400,48,12000,2,11000,3,8000,10,68,230,5930,121023,184600
2026-03-13 12:10,snapshot,B1164089,120825,13800,1,988371,46.3334,0.0013,202.6006,223.5875,57.866,1741,2893,14000,16,14200,48,15600,4,0,0,0,0,13600,26,13400,48,12000,2,11000,3,8000,10,68,230,5930,121023,184500
2026-03-13 12:10,snapshot,B1164089,120825,13800,1,988371,46.3334,0.0013,202.6006,223.5875,57.866,1741,2893,14000,16,14200,48,15600,4,0,0,0,0,13600,26,13400,48,12000,2,11000,3,8000,10,68,230,5930,121025,184500
2026-03-13 12:10,snapshot,B1164089,120825,13800,1,988371,46.3334,0.0013,202.6006,223.5875,57.866,1741,2893,14000,16,14200,48,15600,4,0,0,0,0,13600,26,13400,48,12000,2,11000,3,8000,10,68,230,5930,121026,184500
2026-03-13 12:10,snapshot,B1164089,120825,13800,1,988371,46.3334,0.0013,202.6006,223.5875,57.866,1741,2893,14000,16,14200,48,15600,4,0,0,0,0,13600,26,13400,48,12000,2,11000,3,8000,10,68,230,5930,121027,184500
2026-03-13 12:10,snapshot,B1164089,120825,13800,1,988371,46.3334,0.0013,202.6006,223.5875,57.866,1741,2893,14000,64,14200,48,15600,4,0,0,0,0,13600,26,13400,48,12000,2,11000,3,8000,10,116,230,5930,121027,184500
2026-03-13 12:10,snapshot,B1164089,120825,13800,1,988371,46.3334,0.0013,202.6006,223.5875,57.866,1741,2893,14000,64,14200,48,15600,4,0,0,0,0,13600,26,13400,48,12000,2,11000,3,8000,10,116,230,5930,121029,184500
2026-03-13 12:10,snapshot,B1164089,120825,13800,1,988371,46.3334,0.0013,202.6006,223.5875,57.866,1741,2893,14000,64,14200,48,15600,4,0,0,0,0,13600,26,13400,48,12000,2,11000,3,8000,10,116,230,5930,121029,184500
2026-03-13 12:10,snapshot,B1164089,120825,13800,1,988371,46.3334,0.0013,202.6006,223.5875,57.866,1741,2893,14000,64,14200,48,15600,4,0,0,0,0,13600,26,13400,48,12000,2,11000,3,8000,10,116,230,5930,121031,184500
2026-03-13 12:10,snapshot,B1164089,120825,13800,1,988371,46.3334,0.0013,202.6006,223.5875,57.866,1741,2893,14000,64,14200,48,15600,4,0,0,0,0,13600,26,13400,48,12000,2,11000,3,8000,10,116,230,5930,121031,184500
2026-03-13 12:10,snapshot,B1164089,120825,13800,1,988371,46.3334,0.0013,202.6006,223.5875,57.866,1741,2893,14000,64,14200,48,15600,4,0,0,0,0,13600,26,13400,48,12000,2,11000,3,8000,10,116,230,5930,121032,184500
2026-03-13 12:10,snapshot,B1164089,120825,13800,1,988371,46.3334,0.0013,202.6006,223.5875,57.866,1741,2893,14000,64,14200,48,15600,4,0,0,0,0,13600,26,13400,48,12000,2,11000,3,8000,10,116,230,5930,121033,184500
2026-03-13 12:10,snapshot,B1164089,120825,13800,1,988371,46.3334,0.0013,202.6006,223.5875,57.866,1741,2893,14000,64,14200,48,15600,4,0,0,0,0,13600,26,13400,48,12000,2,11000,3,8000,10,116,230,5930,121034,184500
2026-03-13 12:10,snapshot,B1164089,120825,13800,1,988371,46.3334,0.0013,202.6006,223.5875,57.866,1741,2893,14000,64,14200,48,15600,4,0,0,0,0,13600,26,13400,48,12000,2,11000,3,8000,10,116,230,5930,121035,184500
2026-03-13 12:10,snapshot,B1164089,120825,13800,1,988371,46.3334,0.0013,202.6006,223.5875,57.866,1741,2893,14000,64,14200,48,15600,4,0,0,0,0,13600,26,13400,48,12000,2,11000,3,8000,10,116,230,5930,121036,184500
2026-03-13 12:10,snapshot,B1164089,120825,13800,1,988371,46.3334,0.0013,202.6006,223.5875,57.866,1741,2893,13800,16,14000,48,14200,48,15600,4,0,0,13400,74,12000,2,11000,3,8000,10,300,1,116,230,5930,121038,184500
2026-03-13 12:10,snapshot,B1164089,120825,13800,1,988371,46.3334,0.0013,202.6006,223.5875,57.866,1741,2893,13800,16,14000,48,14200,48,15600,4,0,0,13400,74,12000,2,11000,3,8000,10,300,1,116,230,5930,121038,184400
2026-03-13 12:10,snapshot,B1164089,120825,13800,1,988371,46.3334,0.0013,202.6006,223.5875,57.866,1741,2893,13800,16,14000,48,14200,48,15600,4,0,0,13400,74,12000,2,11000,3,8000,10,300,1,116,230,5930,121039,184400
2026-03-13 12:10,snapshot,B1164089,120825,13800,1,988371,46.3334,0.0013,202.6006,223.5875,57.866,1741,2893,13800,16,14000,48,14200,48,15600,4,0,0,13400,74,12000,2,11000,3,8000,10,300,1,116,230,5930,121040,184300
2026-03-13 12:10,snapshot,B1164089,120825,13800,1,988371,46.3334,0.0013,202.6006,223.5875,57.866,1741,2893,13800,16,14000,48,14200,48,15600,4,0,0,13400,74,12000,2,11000,3,8000,10,300,1,116,230,5930,121042,184300
2026-03-13 12:10,snapshot,B1164089,120825,13800,1,988371,46.3334,0.0013,202.6006,223.5875,57.866,1741,2893,13800,16,14000,48,14200,48,15600,4,0,0,13400,74,12000,2,11000,3,8000,10,300,1,116,230,5930,121043,184400
2026-03-13 12:10,snapshot,B1164089,120825,13800,1,988371,46.3334,0.0013,202.6006,223.5875,57.866,1741,2893,13800,16,14000,48,14200,48,15600,4,0,0,13400,74,12000,2,11000,3,8000,10,300,1,116,230,5930,121043,184400
2026-03-13 12:10,snapshot,B1164089,120825,13800,1,988371,46.3334,0.0013,202.6006,223.5875,57.866,1741,2893,13800,16,14000,48,14200,48,15600,4,0,0,13400,74,12000,2,11000,3,8000,10,300,1,116,230,5930,121045,184400
2026-03-13 12:10,snapshot,B1164089,120825,13800,1,988371,46.3334,0.0013,202.6006,223.5875,57.866,1741,2893,13800,16,14000,48,14200,48,15600,4,0,0,13400,74,12000,2,11000,3,8000,10,300,1,116,230,5930,121046,184400
2026-03-13 12:10,snapshot,B1164089,120825,13800,1,988371,46.3334,0.0013,202.6006,223.5875,57.866,1741,2893,13800,16,14000,48,14200,48,15600,4,0,0,13400,74,12000,2,11000,3,8000,10,300,1,116,230,5930,121046,184400
2026-03-13 12:10,snapshot,B1164089,120825,13800,1,988371,46.3334,0.0013,202.6006,223.5875,57.866,1741,2893,13800,16,14000,48,14200,48,15600,4,0,0,13400,74,12000,2,11000,3,8000,10,300,1,116,230,5930,121048,184400
2026-03-13 12:10,snapshot,B1164089,120825,13800,1,988371,46.3334,0.0013,202.6006,223.5875,57.866,1741,2893,13800,16,14000,48,14200,48,15600,4,0,0,13400,74,12000,2,11000,3,8000,10,300,1,116,230,5930,121048,184400
2026-03-13 12:10,snapshot,B1164089,120825,13800,1,988371,46.3334,0.0013,202.6006,223.5875,57.866,1741,2893,13800,16,14000,48,14200,48,15600,4,0,0,13400,74,12000,2,11000,3,8000,10,300,1,116,230,5930,121049,184400
2026-03-13 12:10,snapshot,B1164089,120825,13800,1,988371,46.3334,0.0013,202.6006,223.5875,57.866,1741,2893,13800,16,14000,48,14200,48,15600,4,0,0,13400,74,12000,2,11000,3,8000,10,300,1,116,230,5930,121051,184400
2026-03-13 12:10,snapshot,B1164089,120825,13800,1,988371,46.3334,0.0013,202.6006,223.5875,57.866,1741,2893,13800,16,14000,48,14200,48,15600,4,0,0,13400,74,12000,2,11000,3,8000,10,300,1,116,230,5930,121051,184400
2026-03-13 12:10,snapshot,B1164089,120825,13800,1,988371,46.3334,0.0013,202.6006,223.5875,57.866,1741,2893,13800,16,14000,48,14200,48,15600,4,0,0,13400,74,12000,2,11000,3,8000,10,300,1,116,230,5930,121053,184300
2026-03-13 12:10,snapshot,B1164089,120825,13800,1,988371,46.3334,0.0013,202.6006,223.5875,57.866,1741,2893,13800,16,14000,48,14200,48,15600,4,0,0,13400,74,12000,2,11000,3,8000,10,300,1,116,230,5930,121053,184400
2026-03-13 12:10,snapshot,B1164089,120825,13800,1,988371,46.3334,0.0013,202.6006,223.5875,57.866,1741,2893,13800,16,14000,48,14200,48,15600,4,0,0,13400,74,12000,2,11000,3,8000,10,300,1,116,230,5930,121055,184400
2026-03-13 12:10,snapshot,B1164089,120825,13800,1,988371,46.3334,0.0013,202.6006,223.5875,57.866,1741,2893,13800,16,14000,48,14200,48,15600,4,0,0,13400,74,12000,2,11000,3,8000,10,300,1,116,230,5930,121055,184400
2026-03-13 12:10,snapshot,B1164089,120825,13800,1,988371,46.3334,0.0013,202.6006,223.5875,57.866,1741,2893,13800,16,14000,48,14200,48,15600,4,0,0,13400,74,12000,2,11000,3,8000,10,300,1,116,230,5930,121057,184300
2026-03-13 12:10,snapshot,B1164089,120825,13800,1,988371,46.3334,0.0013,202.6006,223.5875,57.866,1741,2893,13800,16,14000,48,14200,48,15600,4,0,0,13400,74,12000,2,11000,3,8000,10,300,1,116,230,5930,121058,184300
2026-03-13 12:10,snapshot,B1164089,120825,13800,1,988371,46.3334,0.0013,202.6006,223.5875,57.866,1741,2893,13800,16,14000,48,14200,48,15600,4,0,0,13400,74,12000,2,11000,3,8000,10,300,1,116,230,5930,121059,184300
2026-03-13 12:10,snapshot,B1164089,120825,13800,1,988371,46.3334,0.0013,202.6006,223.5875,57.866,1741,2893,13800,16,14000,48,14200,48,15600,4,0,0,13400,74,12000,2,11000,3,8000,10,300,1,116,230,5930,121100,184300
2026-03-13 12:11,snapshot,B1164089,120825,13800,1,988371,46.3334,0.0013,202.6006,223.5875,57.866,1741,2893,13800,16,14000,48,14200,48,15600,4,0,0,13400,74,12000,2,11000,3,8000,10,300,1,116,230,5930,121101,184350
2026-03-13 12:11,snapshot,B1164089,120825,13800,1,988371,46.3334,0.0013,202.6006,223.5875,57.866,1741,2893,13800,16,14000,48,14200,48,15600,4,0,0,13400,74,12000,2,11000,3,8000,10,300,1,116,230,5930,121101,184350
2026-03-13 12:11,snapshot,B1164089,120825,13800,1,988371,46.3334,0.0013,202.6006,223.5875,57.866,1741,2893,13800,16,14000,48,14200,48,15600,4,0,0,13400,74,12000,2,11000,3,8000,10,300,1,116,230,5930,121102,184350
2026-03-13 12:11,snapshot,B1164089,120825,13800,1,988371,46.3334,0.0013,202.6006,223.5875,57.866,1741,2893,13800,16,14000,48,14200,48,15600,4,0,0,13400,74,12000,2,11000,3,8000,10,300,1,116,230,5930,121104,184300
2026-03-13 12:11,snapshot,B1164089,120825,13800,1,988371,46.3334,0.0013,202.6006,223.5875,57.866,1741,2893,13800,16,14000,48,14200,48,15600,4,0,0,13400,74,12000,2,11000,3,8000,10,300,1,116,230,5930,121104,184300
2026-03-13 12:11,snapshot,B1164089,120825,13800,1,988371,46.3334,0.0013,202.6006,223.5875,57.866,1741,2893,13800,16,14000,48,14200,48,15600,4,0,0,13400,74,12000,2,11000,3,8000,10,300,1,116,230,5930,121105,184400
2026-03-13 12:11,snapshot,B1164089,120825,13800,1,988371,46.3334,0.0013,202.6006,223.5875,57.866,1741,2893,13800,16,14000,48,14200,48,15600,4,0,0,13400,74,12000,2,11000,3,8000,10,300,1,116,230,5930,121106,184300
2026-03-13 12:11,snapshot,B1164089,120825,13800,1,988371,46.3334,0.0013,202.6006,223.5875,57.866,1741,2893,13800,16,14000,48,14200,48,15600,4,0,0,13400,74,12000,2,11000,3,8000,10,300,1,116,230,5930,121107,184300
2026-03-13 12:11,snapshot,B1164089,120825,13800,1,988371,46.3334,0.0013,202.6006,223.5875,57.866,1741,2893,13800,16,14000,48,14200,48,15600,4,0,0,13400,74,12000,2,11000,3,8000,10,300,1,116,230,5930,121108,184300
2026-03-13 12:11,snapshot,B1164089,120825,13800,1,988371,46.3334,0.0013,202.6006,223.5875,57.866,1741,2893,13800,16,14000,48,14200,48,15600,4,0,0,13400,74,12000,2,11000,3,8000,10,300,1,116,230,5930,121109,184300
2026-03-13 12:11,snapshot,B1164089,120825,13800,1,988371,46.3334,0.0013,202.6006,223.5875,57.866,1741,2893,13800,16,14000,48,14200,48,15600,4,0,0,13400,74,12000,2,11000,3,8000,10,300,1,116,230,5930,121110,184300
2026-03-13 12:11,snapshot,B1164089,120825,13800,1,988371,46.3334,0.0013,202.6006,223.5875,57.866,1741,2893,13800,16,14000,48,14200,48,15600,4,0,0,13400,74,12000,2,11000,3,8000,10,300,1,116,230,5930,121111,184300
2026-03-13 12:11,snapshot,B1164089,120825,13800,1,988371,46.3334,0.0013,202.6006,223.5875,57.866,1741,2893,13800,16,14000,48,14200,48,15600,4,0,0,13400,74,12000,2,11000,3,8000,10,300,1,116,230,5930,121113,184200
2026-03-13 12:11,snapshot,B1164089,120825,13800,1,988371,46.3334,0.0013,202.6006,223.5875,57.866,1741,2893,13800,16,14000,48,14200,48,15600,4,0,0,13400,74,12000,2,11000,3,8000,10,300,1,116,230,5930,121113,184300
2026-03-13 12:11,snapshot,B1164089,120825,13800,1,988371,46.3334,0.0013,202.6006,223.5875,57.866,1741,2893,13800,16,14000,48,14200,48,15600,4,0,0,13400,74,12000,2,11000,3,8000,10,300,1,116,230,5930,121114,184300
2026-03-13 12:11,snapshot,B1164089,120825,13800,1,988371,46.3334,0.0013,202.6006,223.5875,57.866,1741,2893,13800,16,14000,48,14200,48,15600,4,0,0,13400,74,12000,2,11000,3,8000,10,300,1,116,230,5930,121115,184200
2026-03-13 12:11,snapshot,B1164089,120825,13800,1,988371,46.3334,0.0013,202.6006,223.5875,57.866,1741,2893,13800,16,14000,48,14200,48,15600,4,0,0,13400,74,12000,2,11000,3,8000,10,300,1,116,230,5930,121116,184300
2026-03-13 12:11,snapshot,B1164089,120825,13800,1,988371,46.3334,0.0013,202.6006,223.5875,57.866,1741,2893,13800,16,14000,48,14200,48,15600,4,0,0,13400,74,12000,2,11000,3,8000,10,300,1,116,230,5930,121117,184300
2026-03-13 12:11,snapshot,B1164089,120825,13800,1,988371,46.3334,0.0013,202.6006,223.5875,57.866,1741,2893,13800,16,14000,48,14200,48,15600,4,0,0,13400,74,12000,2,11000,3,8000,10,300,1,116,230,5930,121119,184300
2026-03-13 12:11,snapshot,B1164089,120825,13800,1,988371,46.3334,0.0013,202.6006,223.5875,57.866,1741,2893,13800,16,14000,48,14200,48,15600,4,0,0,13400,74,12000,2,11000,3,8000,10,300,1,116,230,5930,121119,184300
2026-03-13 12:11,snapshot,B1164089,120825,13800,1,988371,46.3334,0.0013,202.6006,223.5875,57.866,1741,2893,13800,16,14000,48,14200,48,15600,4,0,0,13400,74,12000,2,11000,3,8000,10,300,1,116,230,5930,121120,184300
2026-03-13 12:11,snapshot,B1164089,120825,13800,1,988371,46.3334,0.0013,202.6006,223.5875,57.866,1741,2893,13800,16,14000,48,14200,48,15600,4,0,0,13400,74,12000,2,11000,3,8000,10,300,1,116,230,5930,121121,184300
2026-03-13 12:11,snapshot,B1164089,120825,13800,1,988371,46.3334,0.0013,202.6006,223.5875,57.866,1741,2893,13800,16,14000,48,14200,48,15600,4,0,0,13400,74,12000,2,11000,3,8000,10,300,1,116,230,5930,121123,184300
2026-03-13 12:11,snapshot,B1164089,120825,13800,1,988371,46.3334,0.0013,202.6006,223.5875,57.866,1741,2893,13800,16,14000,48,14200,48,15600,4,0,0,13400,74,12000,2,11000,3,8000,10,300,1,116,230,5930,121123,184300
2026-03-13 12:11,snapshot,B1164089,120825,13800,1,988371,46.3334,0.0013,202.6006,223.5875,57.866,1741,2893,13800,16,14000,48,14200,48,15600,4,0,0,13400,74,12000,2,11000,3,8000,10,300,1,116,230,5930,121125,184300
2026-03-13 12:11,snapshot,B1164089,120825,13800,1,988371,46.3334,0.0013,202.6006,223.5875,57.866,1741,2893,13800,16,14000,48,14200,48,15600,4,0,0,13400,74,12000,2,11000,3,8000,10,300,1,116,230,5930,121126,184300
2026-03-13 12:11,snapshot,B1164089,120825,13800,1,988371,46.3334,0.0013,202.6006,223.5875,57.866,1741,2893,13800,16,14000,48,14200,48,15600,4,0,0,13400,74,12000,2,11000,3,8000,10,300,1,116,230,5930,121126,184300
2026-03-13 12:11,snapshot,B1164089,120825,13800,1,988371,46.3334,0.0013,202.6006,223.5875,57.866,1741,2893,13800,16,14000,48,14200,48,15600,4,0,0,13400,74,12000,2,11000,3,8000,10,300,1,116,230,5930,121127,184300
2026-03-13 12:11,snapshot,B1164089,120825,13800,1,988371,46.3334,0.0013,202.6006,223.5875,57.866,1741,2893,13800,16,14000,48,14200,48,15600,4,0,0,13400,74,12000,2,11000,3,8000,10,300,1,116,230,5930,121128,184200
2026-03-13 12:11,snapshot,B1164089,120825,13800,1,988371,46.3334,0.0013,202.6006,223.5875,57.866,1741,2893,13800,16,14000,48,14200,48,15600,4,0,0,13400,74,12000,2,11000,3,8000,10,300,1,116,230,5930,121130,184300
2026-03-13 12:11,snapshot,B1164089,120825,13800,1,988371,46.3334,0.0013,202.6006,223.5875,57.866,1741,2893,13800,16,14000,48,14200,48,15600,4,0,0,13400,74,12000,2,11000,3,8000,10,300,1,116,230,5930,121130,184300
2026-03-13 12:11,snapshot,B1164089,120825,13800,1,988371,46.3334,0.0013,202.6006,223.5875,57.866,1741,2893,13800,16,14000,48,14200,48,15600,4,0,0,13400,74,12000,2,11000,3,8000,10,300,1,116,230,5930,121131,184200
2026-03-13 12:11,snapshot,B1164089,120825,13800,1,988371,46.3334,0.0013,202.6006,223.5875,57.866,1741,2893,13800,16,14000,48,14200,48,15600,4,0,0,13400,74,12000,2,11000,3,8000,10,300,1,116,230,5930,121132,184300
2026-03-13 12:11,snapshot,B1164089,120825,13800,1,988371,46.3334,0.0013,202.6006,223.5875,57.866,1741,2893,13800,16,14000,48,14200,48,15600,4,0,0,13400,74,12000,2,11000,3,8000,10,300,1,116,230,5930,121133,184300
2026-03-13 12:11,snapshot,B1164089,120825,13800,1,988371,46.3334,0.0013,202.6006,223.5875,57.866,1741,2893,13800,16,14000,48,14200,48,15600,4,0,0,13400,74,12000,2,11000,3,8000,10,300,1,116,230,5930,121134,184300
2026-03-13 12:11,snapshot,B1164089,120825,13800,1,988371,46.3334,0.0013,202.6006,223.5875,57.866,1741,2893,13800,16,14000,48,14200,48,15600,4,0,0,13400,74,12000,2,11000,3,8000,10,300,1,116,230,5930,121135,184300
2026-03-13 12:11,snapshot,B1164089,120825,13800,1,988371,46.3334,0.0013,202.6006,223.5875,57.866,1741,2893,13800,16,14000,48,14200,48,15600,4,0,0,13400,74,12000,2,11000,3,8000,10,300,1,116,230,5930,121136,184300
2026-03-13 12:11,snapshot,B1164089,120825,13800,1,988371,46.3334,0.0013,202.6006,223.5875,57.866,1741,2893,13800,16,14000,48,14200,48,15600,4,0,0,13400,74,12000,2,11000,3,8000,10,300,1,116,230,5930,121137,184300
2026-03-13 12:11,snapshot,B1164089,120825,13800,1,988371,46.3334,0.0013,202.6006,223.5875,57.866,1741,2893,13800,16,14000,48,14200,48,15600,4,0,0,13400,74,12000,2,11000,3,8000,10,300,1,116,230,5930,121138,184300
2026-03-13 12:11,snapshot,B1164089,120825,13800,1,988371,46.3334,0.0013,202.6006,223.5875,57.866,1741,2893,13800,16,14000,48,14200,48,15600,4,0,0,13400,74,12000,2,11000,3,8000,10,300,1,116,230,5930,121139,184300
2026-03-13 12:11,snapshot,B1164089,120825,13800,1,988371,46.3334,0.0013,202.6006,223.5875,57.866,1741,2893,13800,16,14000,48,14200,48,15600,4,0,0,13400,74,12000,2,11000,3,8000,10,300,1,116,230,5930,121140,184200
